3048 5130
243 461 286 524 62
622 482 808 528 erumnarum
830 481 922 528 uuis

242 636 314 688 sent.
357 632 393 687 Et
422 631 444 688 si
475 629 590 687 forsitan
611 630 787 689 rememorati
813 637 896 688 testes
926 632 1070 690 veritatem
1098 633 1187 706 ipsam
1208 633 1298 689 celare

242 731 396 799 noluerent,
419 736 485 786 ωηο
506 745 557 802 per
573 735 776 786 sacramentum
793 730 962 791 satisfaciant
982 730 1110 804 princepi
1131 737 1177 787 aut
1197 747 1212 787 a
1234 730 1299 787 mis-

242 843 302 884 som
322 827 392 899 ejus,
415 833 445 882 ut
466 827 526 900 ipsa
546 826 645 882 veritas
667 843 723 881 ηοη
745 827 912 886 obfuscetur.
951 827 981 884 Si
1003 828 1117 901 quidem
1139 844 1190 901 per
1209 827 1297 884 wadia

241 924 372 981 oblioatio
395 923 466 980 saeta
486 923 588 992 tuerit,
612 931 639 980 et
658 924 778 980 intentio
800 941 851 997 pro
871 925 927 981 hoo
948 924 1032 982 tuerit
1052 924 1188 994 excitata,
1212 925 1240 982 in
1262 941 1296 981 eo

237 1022 345 1096 judicio
365 1028 495 1090 maneat,
528 1020 600 1077 siout
619 1020 648 1078 in
670 1021 803 1079 anteriori
824 1022 924 1083 Edicto
944 1024 1064 1098 legitur,
1094 1023 1171 1098 quod
1196 1022 1299 1096 glorio·

241 1120 350 1178 sissimo
371 1119 499 1176 Ruinam
520 1135 569 1174 rex
589 1117 718 1176 instituit.
1295 1145 1297 1150 .

322 1216 387 1290 (111.
409 1216 451 1273 Da
470 1213 593 1292 libertis.)
625 1217 663 1276 9.
686 1215 716 1272 si
738 1217 800 1289 quis
820 1233 929 1274 serrum
950 1234 1030 1276 suum
1052 1225 1099 1276 aut
1119 1218 1248 1280 ancillam
1269 1217 1298 1274 in

242 1332 355 1374 manum
376 1313 449 1384 regis
470 1313 588 1382 dederit,
612 1320 640 1369 et
660 1314 719 1386 ipse
739 1313 870 1387 princeps
891 1331 940 1372 eoa
961 1331 1011 1388 per
1031 1331 1129 1374 manus
1149 1313 1299 1372 sacerdotis

187 1413 191 1424 '
242 1415 433 1472 oiroasacrum
447 1412 561 1468 altarem
579 1411 683 1467 liberos
699 1410 845 1480 dimiserit,
868 1411 908 1469 sio
925 1420 1108 1485 permaneant
1120 1411 1212 1481 liberi,
1229 1412 1300 1470 sicut

242 1511 283 1570 iiii
304 1511 353 1584 qui
382 1509 490 1567 iulireal
513 1508 629 1582 thingati
652 1517 734 1574 sunt;
766 1515 795 1566 et
823 1510 870 1582 qui
892 1509 1038 1568 mundium
1069 1511 1103 1567 da
1130 1511 1190 1584 ipsa
1210 1511 1298 1568 libera

242 1627 257 1668 a
275 1607 401 1682 principe
416 1606 571 1682 expetierit,
595 1607 635 1664 sio
648 1607 824 1664 eurulrabeat
839 1607 910 1666 siout
924 1608 959 1664 de
970 1608 1077 1666 iulireal
1093 1607 1220 1679 muliere,
1234 1625 1298 1666 nam

242 1707 361 1781 amptius
381 1706 407 1764 ei
437 1706 512 1762 nulia
534 1705 697 1762 conditione
718 1705 819 1762 debeat
838 1723 931 1781 neque
960 1705 1019 1780 ipsa
1040 1723 1132 1781 neque
1152 1705 1210 1766 titia
1231 1705 1298 1780 ejus.

241 1807 278 1864 Et
298 1806 352 1863 hoo
373 1811 415 1860 est
431 1809 572 1868 statutum,
597 1810 627 1859 ut
648 1803 774 1868 masculi,
799 1803 848 1876 qui
870 1805 904 1860 de
926 1803 985 1878 ipsa
1001 1803 1089 1862 libera
1111 1803 1296 1874 natiiuerent,

241 1905 346 1978 absque
367 1901 513 1958 mundium
536 1900 611 1965 sintr
634 1898 737 1956 femine
759 1907 850 1957 autem
871 1900 993 1959 habeant
1013 1901 1160 1964 mundium
1181 1901 1251 1958 siout
1272 1908 1299 1958 et

240 2009 328 2062 mater
348 2014 455 2066 aarum,
474 1979 506 2053 'et
525 1997 586 2068 ipse
605 1996 735 2052 mundius
753 2013 810 2052 nou
828 1997 864 2054 sit
877 1999 995 2071 amplius
1011 2015 1095 2071 quam
1112 1999 1217 2059 solidos
1233 2005 1297 2058 tres.

321 2095 400 2172 (ΗΠ.
427 2094 495 2151 Item
515 2096 548 2149 de
568 2091 695 2168 libertis.)
723 2095 786 2152 w.
809 2093 840 2151 Si
861 2096 925 2168 quis
945 2112 1159 2166 serrumsuum
1180 2103 1229 2154 aut
1249 2114 1299 2154 au·
1364 2125 1365 2130 1

240 2197 334 2254 citiam
348 2193 468 2260 liberum
480 2190 626 2262 dimiserit,
649 2198 677 2248 et
697 2191 822 2264 posuerit
843 2191 869 2248 ei
885 2193 1033 2252 mundium
1055 2200 1103 2250 aut
1124 2210 1212 2250 uuum
1233 2194 1299 2251 soli·

241 2293 320 2362 dum,
342 2298 391 2348 aut
401 2290 469 2360 duo,
493 2294 616 2358 auttres,
640 2295 689 2346 aut
704 2305 764 2355 sex,
787 2297 895 2346 tantum
911 2289 1011 2346 haheat
1027 2291 1186 2360 mundium,
1209 2307 1299 2364 quan-

241 2397 300 2448 tum
321 2389 347 2446 ai
367 2385 397 2444 in
419 2389 523 2446 cartola
544 2387 687 2453 adfixerit3
717 2393 745 2444 et
774 2387 823 2461 qui
851 2395 945 2462 postea
974 2405 1008 2446 ex
1035 2388 1095 2464 ipsa
1115 2389 1214 2447 liberta
1240 2389 1298 2446 nati

241 2489 362 2556 tuerent,
384 2485 444 2544 sibe
460 2484 576 2543 masculi
597 2484 656 2541 sibe
673 2484 787 2556 senune,
811 2503 869 2544 uon
884 2486 1134 2562 habeantamplius
1149 2487 1297 2548 mundium

241 2586 293 2643 uisi
316 2591 452 2658 quantum
474 2590 502 2639 et
522 2589 610 2640 mater
630 2598 736 2641 earum.

320 2682 367 2758 (V.
388 2682 430 2740 Do
446 2699 522 2739 suun
536 2680 683 2754 tepuerat.)
704 2682 759 2738 11.
781 2680 810 2744 Si
822 2697 917 2742 servus
934 2681 1002 2740 dum
1015 2681 1045 2740 in
1059 2682 1124 2754 iuga
1139 2689 1181 2740 ost
1192 2682 1297 2739 turtum

240 2781 349 2851 iecerit,
371 2787 399 2838 et
419 2781 449 2836 iu
469 2779 528 2852 ipsa
550 2779 613 2849 tuga
635 2779 702 2835 ioris
723 2778 866 2851 provincia
888 2779 995 2850 exierit,
1018 2779 1058 2837 sio
1079 2780 1181 2838 exinde
1198 2797 1297 2854 prooe-

240 2880 288 2936 dat
304 2878 460 2956 judicium,
493 2876 566 2933 siout
586 2875 805 2947 gloriosissimus
825 2876 952 2932 Boream
980 2892 1029 2932 rex
1049 2877 1176 2937 instituit.
1217 2879 1254 2934 Et
1273 2876 1296 2934 si

240 2977 300 3052 ipse
321 2992 416 3034 servus
436 2975 509 3032 iutra
529 2972 673 3046 provincia
692 2971 858 3043 dilataverit,
881 2979 948 3030 tuno
964 2973 1096 3031 dominus
1116 2974 1177 3048 ejus
1197 2975 1298 3033 habeat

239 3075 359 3150 spatium
381 3073 417 3130 ad
437 3088 502 3128 eum
522 3071 725 3143 requirendum
747 3086 797 3143 per
818 3085 927 3132 meuses
948 3077 1021 3134 treta
1053 3077 1081 3126 et
1108 3072 1131 3129 si
1161 3087 1226 3130 eum
1254 3072 1297 3128 in-

240 3172 348 3232 venerit
366 3179 415 3228 aut
436 3186 493 3226 non
509 3169 656 3240 invenerit,
680 3175 708 3225 et
728 3185 810 3224 causa
832 3167 898 3238 sueti
915 3168 1093 3227 manufestata
1115 3168 1198 3227 suerit
1219 3171 1295 3242 quod

239 3271 329 3330 isdem
349 3285 445 3328 servus
466 3252 569 3324 turtum
590 3267 682 3342 ipsum
702 3265 814 3335 fecissit,
837 3273 904 3322 ωηο
925 3250 1056 3327 dominus
1075 3267 1135 3340 ejus
1155 3274 1296 3341 conponat

239 3369 344 3427 turtum
365 3368 457 3441 ipsum
478 3366 549 3422 siout
569 3367 615 3422 lex
636 3371 687 3424 est.
710 3365 745 3420 Et
761 3364 783 3420 si
799 3363 927 3421 forsitans
939 3364 1107 3422 manetastus
1124 3381 1182 3420 non
1199 3365 1293 3436 suerit,

240 3473 268 3524 et
287 3464 419 3522 dominus
440 3464 566 3538 ejusdem
591 3464 660 3520 servi
682 3463 811 3520 vetaverit
832 3463 909 3535 quud
929 3461 1022 3542 ipsum
1043 3461 1148 3519 turtum
1178 3479 1233 3519 uon
1256 3463 1295 3519 ie-

239 3563 316 3623 oissit
335 3577 430 3618 servus
450 3561 520 3634 ejus,
546 3569 612 3617 tuno
633 3577 683 3634 per
700 3577 823 3634 pugnam
843 3566 891 3619 aut
908 3575 957 3633 per
972 3567 1175 3618 sacramentum
1196 3577 1225 3616 se
1246 3561 1295 3616 de·

239 3661 335 3720 tendat
355 3660 377 3716 si
398 3658 530 3734 potuerit.

319 3755 380 3833 (Vr.
401 3756 444 3814 De
456 3758 546 3830 puelia
563 3773 632 3828 poor
649 3758 804 3812 irttroetute
820 3751 881 3828 est.)
901 3756 960 3812 te.
982 3753 1012 3812 Si
1034 3754 1096 3829 quis
1116 3755 1208 3829 puelia
1230 3762 1292 3812 ante

240 3857 390 3916 duodecim
409 3871 500 3912 annos
521 3862 569 3912 aut
588 3853 763 3928 spunsarerit
783 3859 831 3909 aut
850 3853 960 3922 tulerit,
988 3860 1070 3910 tuno.
1086 3854 1134 3912 ilie
1161 3853 1210 3926 qui
1232 3871 1293 3912 eam

240 3956 303 4014 tulit
321 3960 370 4012 aut
389 3952 533 4028 spumavit
552 3959 693 4026 conponat
712 3951 784 4010 siout
804 3951 934 4008 Edictum
961 3950 997 4009 do
1017 3958 1128 4024 raptum
1154 3953 1289 4018 contenit,

239 4053 294 4110 hoo
314 4061 357 4110 est
376 4051 480 4110 solidos
499 4051 644 4122 nongenti,
667 4049 844 4107 medietatem
863 4047 934 4121 regi,
958 4055 986 4106 et
1003 4048 1181 4108 medietatam
1201 4049 1293 4106 eidem

239 4151 390 4216 intantum
419 4156 447 4206 et
475 4149 535 4223 ipsa
557 4153 722 4206 revertatur.
737 4147 765 4202 in
788 4163 849 4202 oasa
870 4153 898 4205 et
917 4146 946 4202 in
968 4145 1116 4221 pecuniam
1136 4162 1235 4216 suam,
1265 4153 1293 4204 et

239 4248 275 4306 ait
295 4247 388 4321 quieta
409 4247 554 4320 usquead
575 4245 794 4320 suprascriptum
815 4251 938 4316 tempus:
968 4250 1063 4316 postea
1090 4250 1183 4302 autem
1203 4246 1293 4314 elegat

239 4345 299 4420 ipsa
319 4344 389 4412 sibi,
413 4349 442 4400 et
461 4345 549 4402 nubat
569 4344 614 4402 oui
635 4341 763 4399 voluerit.
807 4340 837 4398 Si
857 4348 951 4398 autem
970 4340 1124 4401 mundoald
1145 4343 1204 4417 ejus
1225 4359 1292 4400 ouu-

240 4439 363 4500 sentiena
384 4439 466 4498 tuerit
486 4448 535 4499 aut
555 4439 705 4500 tradederit
725 4455 786 4496 eam
807 4443 870 4496 ante
892 4438 1093 4513 suprascriptos
1121 4455 1160 4496 ιη
1189 4455 1289 4512 anuos,
