3048 5130
559 536 697 582 saturnu
719 531 942 586 can.ras-ara.
996 520 1012 592 J
1238 519 1278 582 tt

224 683 373 743 vindictam
396 685 505 744 dederit
524 702 575 760 pro
596 687 656 760 ipsa
677 686 777 760 culpa,
809 692 856 744 out
876 703 905 744 se
927 687 1041 745 edoniet
1060 695 1091 744 ut
1111 703 1210 762 supra,
1233 693 1281 746 aot

223 781 260 840 sit
279 784 428 858 culpavelis
448 784 582 842 ecclesiae
603 785 690 858 ipsius
706 783 810 841 solidos
830 802 883 850 xn3
905 786 943 842 ita
964 792 993 841 ut
1007 801 1057 860 per
1072 793 1193 844 actorem
1207 785 1281 857 regis

224 889 389 952 eregamor,
413 889 442 939 et
461 883 490 940 in
509 899 619 955 saprum
636 882 764 941 altarium
780 883 828 940 ubi
845 883 974 956 injuriam
987 883 1056 940 lacta
1073 890 1115 942 est
1131 892 1279 958 ponantur.

303 981 385 1038 Μ.
427 980 458 1038 Si
479 997 572 1038 seruus
599 981 672 1038 iutra
692 981 835 1054 provincia
857 980 885 1038 in
908 981 970 1052 iuga
993 988 1120 1052 vagatur,
1143 991 1171 1040 et
1189 983 1282 1040 domi·

224 1093 275 1134 nus
296 1093 359 1134 eum
383 1078 539 1150 invenerit,
562 1085 590 1136 et
610 1095 703 1136 seruus
723 1080 782 1152 ipse
804 1079 913 1150 fugiens
934 1079 963 1136 iu
984 1086 1090 1140 curtem
1112 1079 1231 1138 alienam
1253 1087 1281 1138 et

223 1174 353 1232 dominus
373 1176 432 1249 ejus
452 1175 601 1250 insequens
622 1193 703 1247 eum,
727 1177 910 1250 adprehinsus
932 1177 1031 1243 luerit,
1058 1194 1115 1235 non
1139 1185 1280 1252 repotetur

222 1276 331 1348 culpam
352 1275 460 1333 domini
481 1293 531 1350 pro
552 1293 586 1334 eo
607 1278 683 1350 quod
704 1277 733 1335 in
755 1283 862 1334 curtem
882 1277 1006 1347 alterius,
1030 1277 1151 1334 lotorem
1172 1276 1201 1332 in
1223 1293 1281 1332 ser·

221 1389 286 1430 rum
306 1389 386 1430 suum
407 1374 523 1444 habens,
546 1391 605 1431 rem
626 1391 704 1432 suam
725 1375 935 1448 adprehendere
957 1375 1030 1431 visus
1051 1381 1101 1434 est.
1132 1373 1210 1432 Etsi
1232 1375 1279 1432 ille

222 1469 299 1544 cujus
320 1471 405 1528 curtis
426 1472 508 1529 luerit
527 1480 574 1528 aut
594 1472 695 1546 aliquis
716 1491 750 1528 cx
771 1472 931 1529 hominibus
952 1473 1029 1529 illius
1047 1471 1218 1545 mancipium
1238 1472 1281 1546 ip·

221 1584 283 1626 sum
303 1569 338 1624 de
359 1585 473 1626 manum
494 1570 587 1626 tulerit
613 1577 660 1627 aut
680 1570 867 1640 antesteterit,
897 1571 1004 1628 nullum
1026 1571 1136 1644 penitus
1157 1571 1205 1644 qui
1223 1587 1280 1627 ser·

221 1681 286 1722 vum
305 1665 430 1739 sequitur
450 1667 480 1724 in
502 1675 607 1724 curtem
627 1667 716 1741 ipsam
737 1667 897 1724 scandalum
919 1667 1017 1732 saciata
1039 1668 1062 1724 si
1083 1669 1189 1739 lecerit,
1213 1685 1281 1741 qua·

221 1762 286 1822 liter
305 1764 335 1820 in
356 1765 409 1820 hoc
429 1764 558 1822 Edictum
578 1765 680 1836 legitur
692 1770 842 1838 conponat
865 1765 902 1823 lit
921 1764 970 1839 qui
989 1781 1098 1823 sermm
1109 1766 1281 1824 antesteterit

221 1867 269 1918 aut
289 1861 323 1918 de
343 1879 458 1920 manum
480 1863 588 1928 tolerit,
620 1863 649 1919 in
672 1863 758 1936 ipsius
777 1862 813 1918 sit
833 1861 1005 1936 periculum
1036 1880 1100 1920 nam
1130 1863 1153 1920 si
1183 1879 1279 1920 casum

221 1959 369 2017 facientem
383 1960 539 2031 contegerit
553 1960 723 2034 mancipium
735 1960 825 2034 ipsum
836 1960 907 2016 mori
921 1968 969 2017 aut
984 1959 1051 2018 alibi
1063 1968 1277 2031 transmearem,

219 2058 279 2132 ipse
300 2057 349 2130 qui
370 2074 434 2115 cum
455 2058 490 2114 de
510 2075 594 2114 manu
616 2059 723 2116 domini
745 2058 786 2114 sui
808 2058 901 2116 tolerit
921 2058 1064 2123 aestimata
1092 2065 1121 2114 et
1140 2057 1163 2116 si
1181 2057 1280 2114 inven-

220 2163 264 2212 tos
285 2155 377 2224 tuerit,
401 2161 431 2212 ut
445 2155 576 2212 reddatur
588 2173 647 2212 noo
666 2165 781 2227 cogatur
796 2156 928 2214 dominus
944 2163 1008 2230 post
1022 2157 1069 2214 tali
1088 2155 1278 2228 fatigationem

220 2269 284 2310 cum
304 2253 333 2309 in
354 2253 443 2324 gratia
463 2253 596 2327 recipere,
609 2254 673 2310 nisi
693 2255 716 2311 si
737 2254 866 2312 voluerit.

303 2351 388 2409 Μ.
431 2350 461 2406 Si
483 2351 545 2424 quis
566 2350 736 2424 mancipium
758 2351 883 2422 fugacem
904 2352 933 2408 io
949 2368 1011 2409 casa
1027 2368 1086 2422 sua,
1110 2351 1280 2409 nescientem

221 2447 348 2518 domino,
371 2465 454 2522 super
474 2465 574 2506 novem
597 2455 693 2506 noctes
709 2449 847 2517 habuerit,
872 2456 900 2506 et
914 2449 1069 2520 contegerit
1089 2449 1181 2524 ipsum
1200 2465 1280 2506 man-

221 2546 325 2620 cipium
345 2546 458 2620 aliquod
481 2549 584 2604 malum
606 2553 770 2620 penetrare,
805 2553 852 2604 aut
871 2548 961 2618 mori,
991 2549 1207 2618 catabanum,
1234 2549 1283 2604 ille

221 2645 269 2718 qui
290 2660 354 2702 eum
376 2644 498 2717 suscepit
517 2650 545 2700 et
565 2645 673 2714 celavit,
696 2651 743 2702 aut
763 2645 895 2702 mandare
917 2644 1050 2718 neglexit,
1074 2646 1173 2702 reddat
1191 2644 1283 2718 ipsum

220 2741 390 2816 mancipium
412 2749 459 2800 aut
479 2742 597 2816 pretium
617 2742 698 2815 ejus,
720 2749 748 2800 et
764 2743 897 2800 damnum
918 2744 994 2816 quod
1016 2743 1114 2800 iecerit
1130 2743 1193 2816 ipsc
1213 2759 1284 2800 coo·

219 2847 307 2914 ponat
327 2841 375 2914 qui
397 2857 461 2898 eum
482 2847 545 2913 post
563 2856 593 2898 se
614 2840 718 2899 habuit.

300 2939 384 2997 m.
427 2938 458 2995 Si
479 2938 649 3011 mancipium
671 2938 793 2996 alienum
815 2937 953 3010 retugium
974 2943 1038 3010 post
1066 2937 1152 2995 alium
1172 2937 1280 3005 iecerit,

220 3035 251 3093 id
271 3042 313 3094 est
332 3035 466 3106 inlraida,
488 3053 554 3094 mox
574 3036 681 3092 mandit
706 3036 821 3094 domiuo
843 3036 929 3109 ipsius
950 3051 1034 3108 quam
1061 3037 1142 3092 citius
1161 3037 1284 3111 potuerit

220 3140 268 3192 aut
293 3149 345 3210 per
365 3134 499 3207 scriptum
528 3140 575 3190 aut
604 3150 654 3206 per
674 3141 779 3191 certum
805 3132 967 3202 hominem,
999 3139 1135 3206 quatenus
1165 3150 1230 3190 eum
1251 3135 1281 3190 io

220 3231 308 3302 gratia
328 3231 462 3304 recipiat3
486 3238 514 3287 et
533 3231 555 3287 si
569 3232 690 3289 noluerit
705 3249 769 3290 eum
786 3231 922 3310 recipere,
945 3236 974 3288 et
987 3230 1153 3302 dilataverit,
1175 3239 1283 3290 etcon-

220 3329 321 3401 tegerit
341 3345 406 3386 eom
426 3329 495 3386 alibi
517 3331 698 3400 translatare,
728 3331 805 3388 nulla
826 3331 906 3404 culpa
926 3329 968 3387 illi
995 3328 1032 3386 sit
1052 3329 1100 3402 qui
1121 3346 1184 3386 eum
1204 3329 1282 3402 prius

219 3426 249 3482 in
271 3443 333 3484 casa
354 3443 404 3484 sua
424 3427 555 3500 suscepit.
577 3427 647 3484 Nam
668 3426 691 3484 si
712 3428 865 3500 susceperit
886 3434 913 3484 ct
934 3444 991 3485 non
1012 3427 1196 3498 mandauerit,
1219 3429 1282 3486 red·

218 3524 266 3582 dat
284 3525 377 3598 ipsum
397 3524 567 3598 mancipium
587 3531 615 3582 et
628 3525 761 3582 damnum
782 3526 826 3583 cui
849 3526 954 3595 lecerit,
979 3524 1062 3583 simul
1083 3533 1112 3582 et
1132 3542 1239 3600 operas.

299 3622 385 3680 Μ.
427 3622 457 3679 Si
486 3621 548 3696 quis
581 3621 752 3695 mancipium
780 3623 871 3679 sciens
898 3623 1025 3694 lugacem
1055 3624 1209 3698 susceperit
1235 3629 1283 3681 aut

220 3737 342 3779 anonam
363 3719 473 3778 dederit
494 3729 541 3778 aut
561 3720 633 3778 viam
654 3720 824 3791 ostenderit,
848 3728 876 3778 et
901 3721 1057 3795 mancipius
1076 3722 1137 3796 ipse
1156 3723 1220 3792 luga
1240 3723 1281 3778 la-

220 3835 284 3893 psus
304 3822 334 3876 in
356 3824 438 3876 antea
459 3817 568 3889 lugirit,
592 3819 649 3891 ipse
671 3835 734 3876 eum
756 3820 897 3893 perquirat
925 3820 973 3892 qui
994 3837 1116 3878 anonam
1137 3819 1216 3877 dedit
1235 3825 1283 3876 aut

223 3917 296 3976 viam
318 3916 467 3974 ostendere
481 3916 665 3989 presumpsit:
688 3924 715 3973 et
735 3917 757 3974 si
775 3935 838 3976 eum
854 3934 911 3974 non
929 3918 1077 3986 invenerit,
1100 3917 1199 3975 reddat
1218 3934 1281 3992 pre·

220 4017 288 4074 dum
308 4014 453 4088 mancipii,
476 4013 557 4071 simul
577 4021 606 4072 et
625 4031 670 4072 res
690 4031 758 4089 quas
779 4031 872 4074 secum
890 4015 1027 4088 portavit3
1050 4022 1078 4072 et
1096 4015 1120 4072 si
1136 4015 1280 4073 inventum

220 4115 314 4186 luerit,
337 4114 436 4172 reddat
454 4114 546 4186 ipsum
566 4119 594 4170 et
614 4129 722 4186 operas.

300 4213 380 4272 w.
401 4210 576 4288 (Daoistoot,
590 4215 620 4268 id
629 4211 817 4284 eatsarorcm.)
842 4211 871 4267 Si
893 4211 956 4284 quis
965 4211 997 4271 in
1009 4217 1085 4269 curte
1102 4213 1194 4271 aliena
1209 4212 1279 4272 irato

219 4313 314 4371 animo
336 4310 480 4381 ingressus¹
492 4309 585 4377 luerit,
604 4328 641 4367 xx
660 4311 763 4368 solidos
780 4309 821 4366 illi
842 4316 987 4383 conponat
1005 4309 1049 4366 cui
1066 4317 1173 4368 curtem
1189 4311 1279 4373 luerit.

300 4411 386 4468 πθ.
407 4406 462 4483 (De
481 4410 586 4480 cunm,
609 4411 640 4466 id
661 4417 698 4468 eat
719 4413 802 4467 curtis
821 4406 954 4482 ruptore.)
984 4407 1088 4467 Mulier
1109 4409 1194 4467 curtis
1215 4427 1280 4486 rup-

220 4517 282 4570 tura
310 4511 400 4570 iacere
430 4525 488 4568 non
513 4514 624 4583 potest,
657 4510 735 4584 quod
762 4515 803 4567 est
832 4509 950 4576 oberus;
992 4507 1144 4567 absurdum
1172 4509 1281 4568 ridetur
