3022 5144
263 499 306 570 tlt
646 518 832 568 crurrmrnr
855 517 946 568 nnete

343 665 399 742 (tt)
441 669 530 730 108.
552 665 582 726 Si
613 667 676 740 quie
695 667 896 740 ledciucrnrem
915 674 963 730 eut
983 667 1138 730 devitorem
1168 685 1249 730 tunm
1278 668 1321 748 pi·

264 766 430 839 generaverit,
455 772 483 825 et
502 765 594 838 iprum
616 766 734 838 pignum
754 766 927 837 recollegere
949 767 1112 837 neglexerit,
1135 774 1249 824 etcum
1269 783 1321 841 per

264 865 415 926 duodicem
437 863 495 922 dies
516 863 673 933 dimiserit,
702 870 770 922 tunc
796 863 843 922 illc
870 863 919 936 qui
944 864 1062 937 pignum
1084 865 1177 938 ipsum
1203 873 1272 939 aput
1291 883 1322 924 se

263 963 351 1028 trabit,
375 962 398 1020 ri
419 977 516 1022 servus
537 967 586 1022 eut
606 961 708 1022 ancille
729 967 771 1021 cst
790 961 929 1023 custodiet
948 978 1032 1032 eum,
1060 970 1091 1024 ut
1110 964 1136 1022 ei
1158 964 1241 1034 fatiga
1263 980 1321 1020 non

263 1060 364 1132 leniet,
396 1067 424 1120 et
451 1060 533 1116 saciat
561 1059 614 1118 sibi
642 1074 708 1118 eum
737 1075 836 1132 operm
864 1060 955 1121 fecere
980 1061 1053 1118 sicut
1073 1077 1155 1122 suum
1175 1061 1322 1135 proprium

262 1175 372 1220 servum
392 1164 440 1218 aut
460 1155 607 1220 ancillrmr
639 1163 667 1212 et
694 1172 779 1228 super
804 1157 906 1218 haheat
933 1159 1074 1220 licentiam
1094 1159 1255 1232 repinerare
1277 1175 1323 1216 ur-

264 1273 320 1333 que
340 1257 370 1316 in
391 1254 542 1314 secundem
558 1253 656 1324 vicem,
680 1261 711 1311 ut
730 1253 787 1312 sint
807 1254 865 1326 ipse
883 1255 1000 1327 pignere
1015 1257 1044 1316 in
1059 1257 1167 1318 dubblc
1183 1265 1321 1331 quintum

264 1352 388 1417 devitum
408 1353 468 1430 ipre
490 1356 541 1412 est.
584 1351 662 1408 Etsi
683 1367 734 1424 per
755 1367 810 1410 xxx
832 1352 891 1411 diet
913 1352 1030 1425 pignere
1057 1353 1118 1427 ipsa
1144 1355 1254 1416 debitor
1274 1361 1323 1413 aut

262 1451 409 1523 fldejmsor
429 1450 599 1520 recollegere
622 1449 792 1518 neclexerit,
825 1449 847 1506 ti
874 1450 902 1508 in
924 1451 1054 1534 Neustrie
1082 1458 1131 1510 eut
1157 1453 1186 1514 in
1209 1453 1322 1510 dustria

262 1549 383 1620 tuerent,
406 1547 514 1610 emittet
532 1547 591 1620 ipsa
612 1547 747 1622 pignere,
778 1553 806 1605 et
826 1564 884 1608 nnn
906 1549 1026 1612 habeant
1046 1550 1206 1612 facundum
1226 1551 1323 1624 requi·

261 1647 402 1714 rendunt
433 1645 542 1707 einero
563 1644 593 1703 in
615 1645 734 1705 Tusciae
755 1644 881 1718 pertibus
901 1646 1000 1714 luerit,
1031 1648 1131 1710 iubent
1150 1648 1270 1721 spetlum
1291 1648 1321 1706 in

262 1745 321 1802 dies
341 1762 395 1816 rx,
426 1759 490 1806 nent
518 1744 542 1798 si
570 1759 656 1816 super
676 1748 826 1814 sexagenta
847 1743 907 1804 dies
928 1744 1029 1813 inerit,
1062 1744 1190 1806 similiter
1215 1745 1323 1804 emittet

260 1842 376 1918 pignera
397 1843 466 1918 ipen.
500 1841 619 1916 insuper
645 1845 810 1912 potestatem
833 1840 935 1904 hebeat
955 1843 1003 1915 qui
1030 1842 1189 1921 pigneravit
1208 1859 1321 1906 mutent

262 1957 341 2002 suem
362 1957 413 2014 per
433 1942 524 2014 legem
545 1955 628 2012 egere
649 1945 676 2000 cl
696 1955 855 2010 procurare.

344 2036 419 2110 (Vl.)
451 2038 542 2093 1⁰9.
577 2036 607 2092 Si
635 2035 699 2109 quis
730 2036 896 2108 permissum
923 2037 1053 2100 hebuerit
1079 2038 1114 2098 dc
1136 2037 1321 2102 devitntorem

262 2136 525 2211 autfidejusscrcnt
545 2150 645 2206 snum,
677 2141 707 2192 nt
736 2151 787 2206 per
811 2135 883 2196 bove
913 2141 960 2194 eut
985 2136 1105 2196 cavallus
1126 2137 1248 2196 domitur
1279 2137 1322 2210 pl·

262 2251 380 2316 generare
399 2231 498 2310 possit,
522 2238 550 2288 et
569 2221 767 2304 pigneraverit,
791 2238 818 2288 et
839 2232 911 2290 intra
928 2232 1078 2294 duodicem
1096 2235 1185 2296 nectis
1205 2233 1321 2308 pignera

175 2333 179 2339 “
263 2350 313 2394 sne
334 2329 443 2389 devitor
464 2336 513 2390 ant
532 2329 680 2403 fidejussor
700 2330 870 2401 recollcgcre
891 2330 1065 2400 neglexerit,
1087 2338 1252 2402 potestatem
1272 2332 1322 2392 hc·

261 2431 326 2492 beet
346 2444 392 2490 eet
412 2444 527 2490 mentre
548 2427 620 2488 sicut
641 2443 707 2490 suec
727 2427 855 2502 prnpries
874 2435 904 2490 et
924 2444 1096 2498 governere;
1124 2436 1153 2490 et
1173 2429 1195 2486 si
1216 2430 1321 2492 mortui

261 2527 355 2595 luerit,
378 2543 436 2588 ucn
457 2525 891 2600 requiratur.ltamslpu1retus
911 2525 994 2585 luerit
1009 2527 1087 2599 quod
1104 2526 1204 2600 iniquo
1225 2527 1320 2587 enimn

259 2628 323 2704 plns
345 2640 431 2698 qtttm
452 2639 532 2682 sunm
549 2624 682 2686 animalia
703 2625 844 2696 minessit,
868 2623 1017 2686 cnstanter
1037 2623 1064 2684 et
1085 2625 1161 2686 tolus
1182 2615 1218 2682 ad
1238 2642 1322 2682 evan·

261 2724 358 2796 geldas.
402 2723 433 2784 Si
454 2739 520 2784 vern
540 2739 592 2794 per
612 2739 667 2788 xxx
688 2723 748 2782 dies
768 2723 820 2783 isle
841 2729 919 2795 perte
940 2723 1033 2794 Alpe,
1066 2729 1114 2780 eut
1134 2739 1184 2796 per
1204 2740 1243 2781 nr
1260 2721 1320 2782 diet

261 2823 309 2888 ille
330 2827 408 2896 perte
429 2819 510 2894 Alpis
532 2819 724 2894 dilataverenl,
746 2826 776 2882 el
797 2836 853 2876 non
870 2820 1083 2894 recollexcrent,
1106 2819 1178 2880 elect
1192 2819 1321 2894 superius

262 2920 297 2979 de
316 2936 396 2980 servo
417 2924 465 2981 cut
484 2917 615 2982 eccillam
636 2916 800 2987 caruimus,
829 2916 868 2975 ite
898 2925 927 2974 ct
951 2918 986 2974 de
1005 2918 1125 2978 cavallus
1152 2919 1195 2976 vel
1223 2920 1318 2987 boves,

260 3035 361 3082 nurum
381 3018 425 3078 rel
446 3022 611 3088 argentum,
635 3015 813 3085 vestimenta,
846 3021 1024 3086 aeramenta,
1055 3015 1239 3086 ferramenta,
1272 3021 1320 3073 aut

261 3115 392 3179 enimrlie
412 3115 533 3190 minute,
555 3115 598 3175 rel
620 3113 746 3192 quolevit
765 3113 868 3187 pignus
887 3112 984 3182 tuerit,
1006 3129 1067 3174 etse
1088 3113 1237 3174 mucimus.

184 3287 188 3300 .
341 3212 432 3290 (Vll.)
451 3216 536 3299 110.
557 3213 587 3269 si
608 3211 672 3285 quic
693 3227 803 3272 servum
820 3211 945 3272 alienum
965 3219 1013 3268 eut
1035 3211 1166 3271 eccillam
1186 3213 1250 3268 loco
1277 3210 1320 3286 pi-

261 3311 354 3385 gneris
375 3311 513 3382 tenuerit,
538 3317 566 3367 et
588 3310 694 3370 lurtum
722 3317 771 3368 cut
789 3309 975 3372 nunicinlum
1003 3311 1046 3372 vel
1068 3309 1194 3383 quolevit
1213 3311 1319 3369 melum

261 3409 368 3478 iecerit,
390 3425 448 3466 nnn
469 3413 615 3484 repetetur
633 3408 749 3484 proprio
771 3407 898 3477 domino,
922 3407 975 3467 niti
997 3408 1023 3464 ci
1044 3408 1094 3481 qni
1122 3424 1187 3470 eum
1208 3408 1318 3473 lenuit3

261 3507 329 3584 quin
349 3513 463 3581 perteus
485 3523 550 3570 eum
571 3523 622 3582 prc
643 3506 769 3568 devium
788 3522 871 3570 sunm
895 3505 1127 3578 conpraehindit,
1161 3506 1201 3569 cic
1227 3513 1320 3564 ensto-

261 3606 321 3669 dire
343 3604 431 3674 derit,
455 3612 487 3662 nt
505 3605 603 3678 ettqm
624 3606 699 3668 melo
719 3606 812 3680 iecere
835 3621 891 3664 nnn
913 3606 1010 3676 punt.
1051 3603 1081 3664 st
1102 3621 1167 3666 vero
1188 3604 1321 3670 ancillam

260 3702 355 3774 fucrit,
379 3709 407 3760 et
426 3718 491 3762 cum
512 3719 574 3760 cem
595 3703 654 3775 ipee
676 3703 726 3776 qui
747 3702 903 3775 pigneravit
922 3707 972 3762 eut
991 3717 1086 3764 tervns
1107 3702 1167 3774 ejus
1181 3702 1321 3760 adultere-

260 3800 331 3862 terit
351 3807 415 3862 ante
432 3800 594 3876 prefinitum
614 3801 797 3861 constitutum
813 3801 893 3874 quod
911 3799 1040 3872 superius
1058 3801 1203 3872 posuimus
1214 3800 1249 3858 de
1265 3815 1318 3855 xxx

260 3906 343 3958 clxx
364 3898 436 3972 dies,
459 3905 599 3970 conponat
620 3898 790 3963 adulterium
813 3899 905 3973 ipsum
927 3898 1044 3957 dominc
1066 3898 1126 3970 ejus
1139 3899 1220 3971 cujus
1236 3897 1321 3956 luerit

260 3997 411 4064 ancillamr
437 4003 502 4072 pest
527 3996 710 4056 constitutum
730 4013 796 4056 vero
818 4013 873 4056 xxx
894 3997 937 4056 rel
958 4012 994 4056 tx
1014 3995 1124 4053 dierum
1144 3995 1264 4067 spetlum
1284 3994 1321 4054 sit

260 4094 290 4156 itt
307 4101 472 4170 potestatem
492 4094 553 4168 ejus
573 4094 623 4168 qui
638 4094 803 4168 pigneravit,
826 4093 930 4167 etipse
951 4093 1030 4166 cutus
1051 4091 1134 4150 tuerit
1148 4093 1318 4165 recollegere

261 4192 427 4266 neglexerit.

341 4286 445 4364 (llll.)
464 4291 541 4350 111.
562 4289 593 4351 si
614 4287 677 4366 quis
698 4303 808 4347 servum
828 4292 879 4346 eut
891 4286 1033 4348 aldionem
1046 4286 1162 4345 alterius
1182 4304 1232 4361 per
1252 4303 1319 4344 con-

261 4385 370 4448 ludium
388 4387 612 4464 cnnprchindere
634 4383 844 4462 presumpserit,
867 4383 987 4444 dicendo
1009 4383 1087 4458 quod
1108 4399 1193 4458 super
1213 4384 1319 4444 lurtum

261 4497 344 4540 cuum
365 4499 431 4540 eum
452 4483 608 4556 preerissit,
631 4490 679 4539 eut
699 4483 783 4540 tacito
804 4483 833 4538 in
855 4486 960 4539 curtem
982 4497 1062 4544 suem
1083 4482 1171 4542 noctis
1193 4489 1317 4557 tempore
