3048 5130
542 481 688 528 nurerum
704 480 770 526 um.
791 475 934 522 ras-su.
1222 461 1263 525 21

207 631 291 689 dieat.
333 632 371 688 Et
400 631 424 690 si
452 631 572 690 intentio
593 630 679 688 luerit
698 637 795 689 eontra
816 631 902 688 curtis
923 630 1011 702 regis,
1044 631 1112 688 tuu‘e
1138 627 1186 687 ille
1216 630 1266 704 qui

208 729 302 803 querit
328 736 440 803 preveat
465 735 672 800 sagramentum
698 745 763 786 cum
786 729 1156 801 legitimussagrameutalis
1182 745 1265 798 suos;
1325 779 1328 787 r

207 827 302 884 dicant
322 843 373 900 per
393 827 521 884 ordinem
542 828 619 901 quod
637 828 786 884 Parentillu
802 835 897 884 nostru
916 830 955 884 rie
974 830 1037 899 luit,
1062 837 1086 885 et
1099 829 1140 885 illi
1159 830 1199 885 rie
1215 846 1265 885 no-

207 927 248 982 dia
266 927 377 995 sumat
394 935 519 998 parentes
538 928 670 997 quomodo
690 943 739 982 aur
760 929 881 983 dietmar.

285 1024 370 1082 154.
393 1023 448 1095 (Dr
466 1027 538 1096 filius
558 1027 690 1097 legitimus
711 1031 734 1081 et
757 1021 916 1097 muralia.)
947 1023 976 1079 Si
999 1023 1064 1096 quis
1085 1021 1268 1096 dereliquerit

207 1120 298 1178 tilium
316 1122 470 1192 legitimum
485 1137 584 1190 unum,
608 1122 684 1196 quud
699 1129 741 1178 est
754 1122 871 1191 lullum,
895 1128 923 1177 et
938 1121 1013 1178 filius
1031 1120 1165 1178 naturalis
1176 1137 1266 1178 unum

207 1227 256 1277 aut
276 1221 384 1292 plures,
413 1219 487 1276 filius
517 1221 658 1292 legitimus
685 1220 762 1276 tollat
783 1220 852 1276 duas
873 1219 1017 1292 portiones
1039 1220 1074 1277 de
1094 1219 1179 1292 patris
1200 1219 1267 1276 sub-

207 1318 318 1384 stantia,
343 1319 476 1375 naturalis
494 1319 589 1383 tertia3
611 1318 634 1374 si
655 1319 712 1374 duu
727 1318 838 1374 luerent
847 1317 975 1390 legitimi,
999 1319 1121 1375 habeant
1134 1317 1267 1375 naturalis

208 1415 335 1488 quintam
356 1424 463 1488 partem
484 1417 705 1491 quanticumque
727 1417 855 1482 luerent3
885 1417 908 1472 si
930 1422 985 1472 tres
1006 1416 1115 1472 luerent
1135 1414 1263 1488 legitimi,

207 1514 329 1571 habeant
343 1515 476 1572 naturalis
497 1515 643 1588 septimam
663 1521 785 1587 partem
807 1514 830 1570 si
849 1520 982 1587 quattuor
1002 1514 1113 1571 luerent
1131 1513 1267 1585 legetimi,

206 1613 329 1669 habeant
339 1615 479 1670 naturales
496 1629 600 1670 nouam
611 1613 773 1686 partem3si
791 1611 918 1685 quinque
935 1613 1045 1668 luerent
1063 1611 1198 1683 legetimi,
1218 1612 1267 1669 ha·

206 1713 292 1768 beant
323 1712 457 1770 naturalis
489 1710 667 1768 undecimam
696 1715 820 1782 partem3
862 1711 884 1768 si
915 1726 963 1766 sex
993 1711 1105 1766 luerent
1133 1708 1264 1782 legitimi,

207 1809 327 1865 habeant
347 1810 483 1867 naturalis
504 1809 752 1866 tertiumdecimam
772 1815 895 1881 purtem
922 1807 945 1864 si
966 1814 1073 1880 septem
1094 1807 1206 1864 luerent
1225 1809 1267 1864 le-

206 1905 307 1976 gitimi,
330 1909 451 1964 habeant
466 1907 599 1964 naturalis
616 1905 853 1979 quintadecimum
868 1911 991 1978 partem:
1014 1905 1037 1961 si
1057 1909 1150 1962 autem
1170 1905 1266 1978 plures

206 2004 326 2074 luerent,
350 2022 400 2078 per
420 2007 474 2061 hoc
496 2005 605 2062 nomiro
627 2004 787 2062 dividantur
806 2005 891 2077 patris
912 2001 1077 2061 substantia.

287 2103 373 2160 155.
414 2104 489 2161 Nulli
516 2105 551 2160 sit
575 2104 688 2160 licentia
713 2104 854 2160 naturales
875 2104 949 2159 lilius
970 2101 1101 2176 aequales
1128 2107 1177 2158 aut
1198 2117 1266 2158 eun·

206 2201 317 2257 semelis
338 2202 427 2258 faeere
449 2203 584 2273 legelimis
605 2202 680 2271 filiis,
704 2201 757 2256 uisi
775 2201 797 2256 si
819 2200 870 2256 filii
884 2200 1008 2272 legetimi
1029 2206 1093 2272 post
1106 2202 1265 2280 coupletam

206 2300 366 2370 legetimam
386 2307 503 2357 aetatem
523 2299 594 2373 patri
615 2299 795 2357 consenserit.
836 2298 1003 2370 Legitimam
1030 2305 1105 2356 aetas
1126 2304 1168 2356 est
1190 2305 1266 2372 pust·

207 2413 292 2470 quam
313 2398 363 2456 fllii
386 2399 535 2456 duodicem
556 2413 647 2454 annus
669 2397 831 2454 habuerunt.

286 2498 373 2554 156.
413 2499 455 2554 lle
476 2495 534 2552 fllio
550 2495 675 2552 naturale
696 2494 746 2567 qui
768 2495 802 2550 de
815 2493 916 2550 aneilla
934 2493 1047 2550 alterius
1067 2500 1149 2550 natus
1170 2493 1263 2566 luerit,

205 2594 229 2650 si
258 2602 337 2667 pater
366 2594 558 2668 conparaverit
585 2610 651 2650 eum
671 2601 698 2650 et
723 2593 845 2651 liberum
875 2591 1051 2664 thingaverit‚
1081 2593 1194 2650 libertas
1222 2593 1264 2650 illi

206 2700 385 2766 permaneatr
407 2700 435 2749 et
454 2693 477 2749 si
498 2709 555 2748 non
578 2692 736 2749 liberaverit
755 2707 836 2762 eum,
859 2691 895 2747 sit
913 2705 1008 2747 servus
1028 2690 1108 2763 eujus
1130 2697 1158 2746 et
1179 2697 1266 2748 mater

206 2791 316 2849 ancilla.
358 2791 427 2848 Nam
448 2791 470 2847 si
492 2807 557 2848 eum
578 2791 787 2864 conparaverit,
811 2795 839 2846 et
859 2788 966 2862 aliquid
988 2789 1022 2844 de
1043 2803 1088 2845 res
1108 2788 1134 2846 ei
1155 2805 1206 2861 per
1225 2790 1266 2847 le·

207 2909 271 2966 gum
291 2887 469 2960 mingendi,
490 2888 589 2945 lrabeat
608 2888 682 2960 ipsas
702 2903 757 2944 res.

285 2989 365 3047 aaa.
405 2989 448 3044 lle
479 3003 512 3044 eu
541 2987 590 3061 qui
612 2987 647 3044 de
668 2987 727 3043 filiu
749 2986 875 3043 naturale
896 2991 1044 3056 generatus
1066 2981 1163 3053 luerit,
1187 2984 1266 3056 quod

207 3095 246 3145 est
268 3087 372 3155 luteus,
396 3086 477 3142 heres
501 3101 557 3141 nun
579 3086 643 3150 liat,
677 3084 731 3141 nisi
754 3083 780 3141 ei
801 3083 957 3154 thingatum
978 3079 1061 3138 luerit
1080 3097 1131 3154 per
1152 3081 1263 3151 legem3

206 3193 234 3242 et
254 3184 277 3241 si
298 3184 440 3256 thiugatus
461 3201 517 3240 non
538 3183 621 3239 luerit
641 3183 741 3256 aliquit
760 3182 795 3238 de
816 3197 870 3252 res,
892 3186 985 3237 tamen
1007 3179 1119 3236 libertas
1139 3179 1180 3237 illi
1201 3196 1265 3254 pur-

207 3289 371 3439 mma&
414 3378 443 3434 Si
457 3379 520 3452 quis
536 3377 717 3450 dereliquerit
730 3377 816 3433 liliam
832 3376 985 3447 legitimam
1007 3390 1102 3446 unam,
1126 3380 1154 3433 et
1173 3373 1264 3432 lilium

208 3480 362 3537 naturalem
376 3493 464 3533 unum
478 3484 526 3533 aut
539 3477 643 3552 plures,
659 3481 687 3532 et
700 3475 769 3531 alios
784 3480 912 3547 parentes
925 3472 1067 3546 proximus
1081 3479 1130 3530 aut
1139 3473 1261 3540 heredis,

207 3576 361 3650 aequaliter
372 3575 495 3632 dividant
512 3574 693 3630 substantiam
708 3573 843 3639 defuncti,
861 3572 890 3628 id
904 3572 993 3628 estin
1010 3578 1065 3627 tres
1081 3573 1182 3645 partis:
1206 3573 1262 3629 lilia

208 3675 331 3748 legitima
346 3673 463 3746 accipiat
483 3673 578 3730 uncias
598 3679 740 3746 quattuor,
766 3672 843 3744 quud
865 3678 906 3728 est
922 3670 1002 3727 tertia
1018 3686 1099 3743 pars3
1123 3672 1263 3728 naturales

208 3775 258 3834 lilii
279 3789 353 3830 unus
374 3779 422 3830 aut
441 3773 536 3846 plures
563 3772 660 3827 uncias
681 3777 833 3844 quattuor,
862 3770 938 3844 quud
960 3776 1002 3826 est
1028 3767 1108 3826 tertie
1133 3785 1212 3843 pers3
1235 3776 1264 3828 et

207 3875 329 3946 parentis
345 3870 465 3944 proximi
486 3877 534 3926 aut
551 3869 661 3926 heredis
678 3870 774 3926 uncias
794 3875 935 3944 quattuor,
959 3869 987 3925 id
1003 3875 1043 3926 est
1059 3867 1167 3925 tertiam
1178 3884 1260 3940 pars:

208 3979 236 4030 et
256 3972 279 4029 si
300 3976 427 4044 parentes
448 3967 568 4042 proximi
590 3984 646 4024 nun
668 3967 809 4034 luerent,
826 3975 893 4024 tunc
914 3967 999 4025 curtis
1018 3965 1110 4038 regias
1130 3967 1264 4041 suscipiat

207 4069 280 4144 ipsas
301 4075 433 4142 quattuor
454 4065 560 4124 uncias.

285 4169 374 4225 rau.
414 4165 445 4222 Si
467 4165 530 4239 quis
551 4165 734 4238 dereliquerit
753 4165 824 4222 filias
844 4163 982 4236 legitimas
1003 4162 1072 4218 duas
1093 4163 1260 4239 autumnis,
1348 4225 1350 4229 ³

208 4275 235 4326 et
254 4267 329 4324 iilius
350 4265 484 4323 naturalis
505 4279 594 4321 unum
614 4270 662 4321 aut
681 4265 794 4337 plures,
827 4270 853 4321 et
880 4263 949 4320 alios
975 4260 1098 4336 parentis
1119 4263 1267 4335 proximus

209 4373 360 4439 utsupra,
383 4363 444 4422 illas
465 4361 536 4419 filias
557 4363 655 4418 tollant
676 4362 771 4420 uncias
791 4378 855 4433 sex,
878 4362 956 4435 quud
977 4367 1018 4418 est
1038 4361 1190 4429 mediatam
1213 4379 1263 4420 ua-

208 4464 304 4522 turalis
325 4463 376 4522 filii
397 4461 493 4520 uncias
508 4465 651 4533 quattuor,
675 4461 752 4534 quod
773 4466 814 4517 est
833 4459 912 4518 tertia
933 4476 1012 4534 pars3
1035 4467 1063 4519 et
1078 4461 1201 4535 parentis
1221 4463 1262 4519 le·
