3022 5144
1188 506 1228 577 ii

294 755 296 759 ¹
359 676 446 758 ibin„
472 677 538 758 Pur.
565 675 676 761 4613).
695 677 945 760 inscriptionem,
981 687 1015 745 ui
1036 681 1169 764 [iosiph.
1194 683 1226 762 2,

294 847 297 852 .
338 773 427 856 vcum
463 777 552 860 ioxtu
582 791 656 854 item
690 791 895 873 conjungunt,
928 793 982 856 sed
1014 793 1126 861 omissa
1151 779 1228 858 voce

356 901 570 970 uouemere.
600 902 764 966 Praeterea
792 923 850 984 pro
880 908 1017 986 mercedes
1045 905 1110 974 Par.
1143 907 1230 970 tota

356 1017 505 1084 memdics
529 1016 587 1088 Ma.
613 1017 744 1077 mercede.
770 1013 1046 1102 Ceterum'scripsi
1066 1017 1229 1082 &metm-

298 1201 301 1218 Ι
355 1145 439 1200 rum,
474 1147 536 1190 non
571 1125 832 1202 connecterem,
867 1129 949 1212 qued
975 1130 1127 1200 veriorem
1151 1129 1231 1196 banc
1323 1144 1326 1164 ¹

358 1238 611 1321 orthographiam
640 1247 762 1307 tuentur
793 1240 885 1318 etiam
915 1241 1050 1324 optimus
1071 1243 1168 1325 Yerc.
1198 1245 1229 1306 in

359 1351 447 1415 Roth.
473 1340 539 1432 cap.
566 1371 658 1414 οων
687 1360 717 1414 et
740 1371 839 1414 cxnv:
877 1352 908 1418 in
932 1354 1150 1428 neumatum
1174 1376 1230 1438 per

307 1493 310 1500 ·
357 1483 449 1526 unam
472 1485 500 1524 m
523 1463 673 1528 exhibent
687 1463 819 1549 Gueiph.
846 1464 861 1524 1
888 1465 997 1539 semei,
1023 1474 1054 1528 et
1067 1466 1229 1549 unelpho

353 1577 426 1639 item
450 1576 563 1650 semei;
587 1576 653 1641 reii.
679 1596 736 1657 per
758 1576 819 1636 duo
842 1596 907 1641 mm.
921 1577 1102 1640 -Maximi
1126 1587 1228 1658 autem

356 1687 504 1781 momenti
528 1688 587 1750 bae
612 1687 696 1770 teges
710 1685 748 1750 ad
768 1685 980 1749 illustrandam
991 1688 1229 1776 architecturam

354 1821 415 1862 non
453 1801 654 1863 barbarorum
688 1801 781 1862 modo
814 1807 1006 1880 temporum,
1043 1801 1099 1864 sed
1133 1803 1226 1865 etiam

355 1897 578 1985 Rornanorum,
612 1919 645 1974 ut
674 1912 781 1974 videre
809 1919 857 1975 est
887 1931 925 1973 ex
950 1911 1054 1994 ampio
1078 1913 1227 1996 omnique

354 2023 528 2108 eruditione
557 2023 670 2086 referto
700 2021 929 2086 Commentario
965 2025 1004 2086 ad
1033 2023 1090 2086 bas
1127 2021 1224 2105 ieges,

354 2157 446 2220 quem
469 2135 571 2198 debeo
599 2135 754 2199 amicitiae
782 2135 1019 2218 praeclarissimi
1044 2135 1101 2198 viri
1124 2133 1227 2199 'Caroii

353 2247 485 2318 Promis,
519 2257 549 2312 et
581 2250 671 2332 hujus
700 2249 804 2332 operis
833 2247 991 2312 constituit
1014 2250 1226 2330 Appendicem

354 2361 406 2423 xl.
438 2398 482 2407 —-
512 2361 655 2424 Ceterum
684 2363 758 2424 dum
781 2361 913 2443 primum
936 2360 1015 2423 baec
1039 2361 1134 2423 editio
1159 2368 1227 2422 tex-

353 2483 401 2536 tus
424 2475 541 2556 Legum
553 2473 854 2555 Langobardicarum
878 2472 960 2556 typis
983 2471 1224 2553 imprimeretur,

353 2589 488 2649 nondum
512 2588 550 2648 ad
575 2605 683 2648 manus
702 2605 793 2648 ‚meas
813 2593 1004 2666 pervenerat
1024 2584 1151 2648 collatio
1175 2606 1227 2647 co-

353 2697 429 2760 dicis
445 2697 721 2781 Gueipherbytaui.
748 2717 829 2780 quae
841 2698 883 2760 ud
909 2717 959 2760 me
975 2699 1106 2760 demum'
1124 2697 1227 2760 deiata

351 2817 398 2872 est
420 2829 516 2892 quum
538 2810 659 2891 priores
682 2809 879 2892 Appendices
898 2809 1020 2892 jamdiu
1043 2809 1223 2891 impressae,
1287 2825 1292 2832 ·

353 2922 492 3004 reiiquae
515 2923 572 2984 sub
595 2923 701 3003 praeio
726 2930 850 2984 essent:
890 2919 969 2984 Hinc
992 2922 1024 2982 in
1044 2921 1225 3003 Appendice

354 3037 400 3097 XI
422 3043 610 3098 memoratur
636 3035 763 3116 quidem
794 3035 893 3097 codex
914 3033 1222 3116 Gueipburbptauus,

350 3149 419 3236 ipse
443 3158 546 3211 tamen
571 3149 679 3213 barum
702 3148 805 3230 degum
830 3156 933 3214 textus
957 3154 1084 3209 exactus
1107 3144 1164 3208 iuit
1187 3143 1226 3206 ad

354 3259 449 3323 fidem
480 3260 667 3342 reliquorum
700 3269 819 3330 tentum
849 3259 1016 3339 codicum,
1054 3279 1110 3322 sou
1139 3256 1225 3330 Car..

354 3375 428 3442 Ma..
455 3374 563 3455 Epor„
590 3373 658 3439 Par.
685 3372 781 3436 b613.
829 3373 905 3440 Cum
935 3380 1039 3434 tamen
1063 3379 1227 3451 utrumque

354 3487 515 3568 exemplar
543 3487 612 3551 ond.
636 3485 769 3567 Guelpb.
795 3486 927 3567 optimas
958 3485 1109 3554 lectiones
1131 3502 1228 3548 nouas

338 3594 516 3672 'exhibeat
553 3598 628 3660 aiias
658 3605 761 3666 autom
795 3598 925 3664 aliorum
956 3596 1104 3666 librorum
1127 3595 1228 3658 minus

354 3718 459 3787 certas„
480 3711 545 3793 jam
579 3731 634 3774 sua
657 3710 839 3796 auctoritate
863 3709 1044 3774 confirmet:
1079 3707 1138 3770 hoc
1162 3708 1227 3768 Me-

354 3824 554 3888 moratorium
582 3824 793 3889 recudendum
825 3825 1000 3890 curavimus
1024 3831 1166 3886 exactum
1190 3821 1229 3881 ad

354 3935 449 4000 iidem
473 3955 528 4006 sex
552 3936 692 4002 codicum
717 3937 770 4019 qui
793 3937 868 4002 iiiud
884 3936 1046 4008 exhibent,
1073 3954 1090 3996 e
1114 3932 1228 4017 quibus

354 4049 446 4112 etiam
476 4048 627 4130 integram
651 4049 832 4115 varietatem
862 4047 1003 4140 iectionis
1033 4044 1224 4128 subjicimus.

354 4161 468 4225 Contra
498 4162 654 4244 appendix
679 4163 724 4224 XI
747 4141 915 4228 etiamnum
946 4157 1074 4224 exhibet
1108 4164 1227 4220 textum

354 4279 445 4355 prout
474 4294 491 4336 a
521 4272 610 4338 nobis
639 4273 771 4355 primum
806 4273 907 4338 editus
934 4271 1049 4343 iuerat,
1087 4278 1181 4352 atque
1211 4289 1227 4330 a
