3022 5144
263 491 305 554 98
642 505 830 552 arumaarm
853 505 944 565 aneis

245 661 321 734 'gild
341 677 430 718 sunm.
452 659 482 716 si
503 673 568 715 sero
590 657 650 714 sine
671 659 843 714 volontatem
866 658 952 731 patris
972 665 1020 715 aut
1038 657 1129 716 fratris
1149 675 1211 716 eam
1225 660 1323 715 tollere

263 756 472 835 presumpserit,
496 757 545 830 qui
562 757 621 829 jam
642 755 720 812 alteri
741 764 783 812 est
797 757 966 829 disponsata,
989 765 1132 829 conponat
1152 758 1324 831 sponsoejus

263 860 367 916 duhbla
387 863 470 926 meta,
493 856 564 912 sicut
585 854 698 910 Edictus
716 855 839 910 anterior
857 854 993 924 contenit,
1016 863 1044 912 et
1065 855 1093 911 in
1104 857 1236 929 palatium
1250 854 1324 926 regis

262 962 405 1030 conponat
423 953 563 1024 widrigild
584 967 683 1016 suum;
706 958 783 1024 pater
795 967 860 1009 vero
877 959 925 1010 aut
942 953 1037 1019 irater,
1061 954 1110 1026 qni
1129 954 1158 1010 in
1174 953 1220 1011 tali
1241 970 1324 1010 causa

263 1070 321 1111 non
342 1056 556 1114 consenserunt,
580 1052 637 1105 sint
657 1050 751 1106 soluti.
774 1049 870 1107 Puella
891 1066 957 1106 vero
978 1051 1038 1122 ipsa
1059 1050 1107 1123 qni
1128 1067 1205 1109 suam
1227 1051 1324 1108 rolon-

263 1159 347 1208 tatem
367 1152 422 1206 hoc
443 1150 533 1205 lacere
555 1146 772 1220 presumpserit,
802 1147 825 1202 si
847 1147 939 1220 aliqua
961 1149 985 1203 ei
1009 1149 1100 1220 portio
1122 1164 1156 1204 ex
1177 1155 1324 1220 parentum

263 1248 468 1306 successionem
489 1246 614 1312 deretur,
636 1243 743 1300 amittat
763 1244 852 1316 ipsam
871 1246 1029 1316 portionem
1051 1261 1139 1314 suam,
1162 1253 1190 1303 et
1211 1252 1325 1305 nutaet

263 1364 347 1404 vacua
368 1346 403 1402 de
425 1344 507 1400 rebus
533 1347 680 1415 parentam
702 1357 815 1398 suorum
836 1342 935 1411 radat,
966 1349 993 1399 et
1023 1344 1076 1415 ipsi
1102 1343 1251 1402 succedant
1276 1343 1324 1416 qui

263 1460 313 1516 per
333 1443 424 1512 legem
444 1437 592 1496 succedere
613 1446 748 1512 possent;
779 1455 830 1496 nec
851 1440 938 1512 possit
958 1441 984 1495 ei
1005 1447 1084 1512 pater
1104 1437 1151 1497 aul
1171 1441 1255 1498 irater
1275 1457 1325 1513 per

263 1541 387 1614 qualevit
407 1539 520 1611 genium
542 1537 649 1610 aliquid
670 1537 748 1603 dare,
771 1545 819 1594 aut
838 1538 1020 1595 hereditatem
1042 1539 1210 1612 relinquere.
1252 1539 1323 1609 Quia

263 1638 383 1707 excrevit
397 1638 498 1695 vicium
515 1637 569 1693 hoc
589 1637 618 1693 in
638 1643 750 1708 gentem
767 1642 889 1692 nostram
911 1652 962 1708 pro
979 1636 1160 1708 cupiditatem
1176 1637 1321 1710 pecuniae,

263 1744 292 1793 et
312 1738 376 1794 ideo
396 1753 460 1793 eum
482 1750 609 1806 resegare
636 1735 780 1803 volumus,
812 1741 842 1789 ut
862 1733 1031 1790 inimicidias
1062 1741 1171 1790 cessent
1196 1741 1224 1790 et
1251 1733 1324 1790 laida

264 1852 320 1892 non
343 1836 475 1892 habeant.
519 1833 550 1888 Si
570 1838 684 1900 autem,
706 1832 783 1904 quod
804 1831 896 1899 absit,
920 1839 982 1904 post
1002 1832 1142 1903 sponsalia
1171 1832 1241 1888 lacta
1263 1833 1325 1888 talis

262 1937 335 1992 inter
355 1932 478 2007 parentis
500 1911 586 2003 ipsius
607 1929 760 1986 excreverit
780 1928 958 1997 iuimicitias,
982 1929 1192 2002 qualiscumque
1214 1945 1324 1987 causam

264 2030 495 2098 intervenientis,
530 2035 561 2083 ut
582 2027 763 2084 lrumicidium
791 2026 826 2081 de
848 2033 991 2098 parentem
1021 2027 1146 2100 ipsorum
1168 2028 1323 2100 proveniat,

262 2127 479 2188 undeduritiam
493 2127 567 2182 inter
587 2142 616 2181 so
637 2131 770 2180 teneanlr
793 2124 816 2180 si
838 2124 905 2181 dare
926 2131 973 2180 aut
994 2126 1093 2182 tollere
1108 2126 1236 2198 soluerit,
1257 2143 1325 2183 con-

263 2233 351 2302 ponat
378 2241 442 2298 pars
463 2223 511 2297 qui
534 2223 685 2279 neclexerit
712 2222 782 2279 sicut
802 2229 932 2279 statutum
954 2223 1028 2279 inter
1055 2239 1085 2279 se
1106 2223 1274 2293 habuerunt,
1296 2231 1326 2278 et

263 2327 320 2382 sint
340 2323 476 2388 absoluti;
508 2321 574 2394 quia
596 2337 652 2378 non
676 2327 717 2376 est
738 2322 844 2377 bonum
866 2328 897 2376 ut
918 2320 957 2377 ibi
980 2321 1119 2394 quispiam
1139 2323 1238 2378 deveat
1257 2322 1324 2376 dare

263 2423 349 2478 liliam
370 2427 418 2477 aut
437 2436 563 2476 sororem
584 2420 626 2476 vel
647 2425 791 2491 parentem
812 2435 901 2483 suam,
925 2418 972 2475 uhi
994 2436 1057 2476 vera
1079 2419 1253 2476 inimicitiam
1274 2419 1325 2475 hu·
1399 2474 1402 2481 ,

264 2519 370 2576 micidii
393 2535 452 2574 esse
473 2524 612 2591 provatur.

344 2615 441 2691 (1111.)
463 2619 550 2675 lau.
573 2615 709 2672 Contenit
719 2623 811 2671 autem
823 2616 947 2672 anterior
958 2616 1072 2673 Edictns
1081 2617 1115 2673 de
1131 2617 1216 2674 iream
1229 2635 1323 2688 suam,

263 2715 311 2788 qui
333 2732 395 2772 eam
415 2715 487 2788 male
506 2713 662 2770 tractaverit
683 2721 712 2768 ut
729 2713 835 2769 amittat
850 2714 995 2770 mundium
1011 2714 1117 2786 ipsiasa
1139 2722 1167 2771 et
1182 2733 1239 2772 non
1258 2715 1326 2773 dicit

263 2813 353 2886 qualis
372 2813 407 2869 sit
427 2812 486 2884 ipsa
506 2812 579 2868 mala
601 2811 738 2869 tractatio.
769 2811 892 2867 Proinde
914 2811 1086 2883 providimus
1106 2811 1210 2878 dicere,
1234 2813 1325 2886 qualia

264 2912 300 2968 sit
319 2917 379 2984 ipsa
399 2911 470 2968 mala
492 2909 637 2966 tractatio:
665 2907 695 2964 id
716 2916 758 2964 est
778 2909 800 2964 si
821 2925 883 2965 eam
906 2908 978 2965 lame
999 2909 1155 2980 negaverit,
1178 2917 1224 2967 aul
1238 2911 1325 2968 ,vesti-

263 3018 388 3068 mentum
420 3008 462 3065 vel
489 3007 703 3064 calciamentum
733 3005 888 3062 secundum
919 3005 1080 3078 qualitatem
1108 3008 1244 3079 pecuniae
1266 3025 1323 3064 noa

263 3108 389 3178 dederit,
418 3112 465 3164 aut
492 3107 526 3163 ad
548 3121 657 3162 servum
678 3106 721 3162 vel
744 3105 885 3162 aldionem
906 3106 1018 3162 alterius
1040 3122 1101 3164 eam
1123 3122 1238 3162 uxorem
1259 3105 1324 3162 dare

264 3205 452 3280 presumserit,
475 3211 522 3261 aut
543 3219 604 3260 eam
625 3203 775 3260 battederit
795 3203 922 3276 turpiter,
947 3210 1064 3277 excepto
1085 3204 1108 3260 si
1129 3205 1222 3260 inians
1243 3203 1326 3262 luerit

263 3323 315 3379 pro
336 3305 453 3360 honesta
474 3301 638 3376 disciplina,
669 3301 874 3358 ostendendum
900 3302 1036 3358 muliebre
1057 3319 1143 3375 opera
1163 3308 1210 3358 aut
1230 3303 1265 3359 ad
1286 3302 1325 3358 ri·

264 3403 337 3458 cium
357 3404 460 3459 malum
482 3401 700 3470 emendandum,
724 3399 795 3456 sicut
816 3401 851 3456 de
872 3400 1014 3472 propriam
1034 3401 1121 3458 filiam
1142 3417 1231 3470 suam,
1254 3408 1282 3458 et
1302 3401 1324 3456 si

264 3500 374 3556 samin
397 3498 576 3556 indicabilem
598 3515 712 3572 operam
735 3505 853 3572 quoacta
873 3498 1030 3568 minaverit,
1053 3506 1101 3556 aut
1120 3500 1143 3556 si
1165 3500 1224 3572 ipsa
1246 3499 1324 3555 adul-

263 3597 406 3660 teraveritt
430 3596 524 3652 omnia
544 3597 612 3654 haec
633 3597 681 3670 qai
703 3597 794 3654 lacere
812 3597 1020 3671 presumpserit,
1044 3600 1117 3658 male
1133 3603 1246 3654 aarum
1263 3613 1323 3653 esse

263 3695 406 3754 edicimus.
447 3695 563 3765 lnsoper
584 3701 611 3750 et
631 3695 774 3764 addimus,
804 3700 836 3752 ut
857 3711 910 3752 uec
931 3694 965 3751 ad
987 3695 1091 3752 liberas
1112 3695 1241 3751 homenis
1262 3711 1323 3750 eam

262 3796 298 3852 ad
319 3793 449 3852 maritum
469 3792 575 3863 absque
601 3791 659 3864 ejus
690 3795 859 3849 voluntatem
881 3793 947 3849 dare
969 3800 1126 3865 presumat:
1159 3792 1226 3866 quia
1245 3791 1323 3864 pejus

262 3898 375 3950 tractata
396 3908 456 3948 esse
479 3906 536 3946 non
566 3895 675 3961 potest,
707 3891 730 3945 si
751 3891 831 3946 illum
857 3906 951 3946 verum
973 3891 1055 3958 tollit,
1078 3907 1165 3964 quem
1184 3891 1242 3964 ipsa
1265 3906 1323 3946 non

262 3991 329 4048 vult.
356 3991 424 4047 ideo
445 3987 600 4058 statuimus,
625 3995 654 4043 ut
674 3993 789 4060 propter
810 3989 905 4061 plagas
926 3994 954 4043 et
975 3988 1079 4057 feritas,
1103 3988 1126 4044 si
1148 3987 1255 4053 iecerit,
1279 3991 1323 4045 rel

262 4087 298 4142 de
318 4087 497 4157 adulterium,
519 4092 662 4158 conponat
682 4085 774 4141 eidem
795 4084 900 4141 lemine
920 4084 1116 4142 sicutEdictus
1137 4086 1273 4150 contenit,
1296 4091 1325 4140 at

262 4182 408 4240 mundium
429 4185 488 4257 ejus
508 4185 625 4244 amittat.

342 4279 403 4356 (V.)
440 4285 519 4340 121.
555 4282 584 4339 Si
606 4279 669 4353 quis
690 4279 844 4336 admodum
865 4279 995 4336 inventus
1015 4278 1100 4335 luerit
1119 4297 1183 4337 cnm
1207 4297 1323 4336 uxorem

261 4377 382 4436 alienam
404 4381 521 4453 turpiter
542 4377 712 4446 conversari,
735 4376 766 4434 id
786 4384 829 4434 est
848 4377 872 4434 si
889 4393 987 4434 manos
1008 4377 1038 4434 in
1061 4393 1129 4434 seno
1149 4384 1197 4435 aut
1220 4379 1254 4435 ad
1275 4394 1324 4450 pe-

262 4483 336 4532 ctum
358 4477 416 4549 ejus
438 4477 559 4542 miserit,
582 4479 623 4534 vel
646 4477 682 4532 ad
703 4476 789 4534 alium
810 4478 904 4534 locum
925 4476 1001 4532 undo
1025 4482 1106 4548 turpe
1134 4491 1193 4532 esse
1220 4481 1320 4548 potest,
