<?xml version="1.0" encoding="UTF-8"?>
<!DOCTYPE html PUBLIC "-//W3C//DTD XHTML 1.0 Transitional//EN"
    "http://www.w3.org/TR/xhtml1/DTD/xhtml1-transitional.dtd">
<html xmlns="http://www.w3.org/1999/xhtml" xml:lang="en" lang="en">
 <head>
  <title>
</title>
<meta http-equiv="Content-Type" content="text/html;charset=utf-8" />
  <meta name='ocr-system' content='tesseract 3.04.00' />
  <meta name='ocr-capabilities' content='ocr_page ocr_carea ocr_par ocr_line ocrx_word'/>
</head>
<body>
  <div class='ocr_page' id='page_1' title='image "./edictaregumlang00neiggoog_0126.png"; bbox 0 0 3022 5144; ppageno 0'>
   <div class='ocr_carea' id='block_1_1' title="bbox 593 505 1291 588">
    <p class='ocr_par' dir='ltr' id='par_1_1' title="bbox 593 505 1291 588">
     <span class='ocr_line' id='line_1_1' title="bbox 593 505 1291 588; baseline -0.001 -20"><span class='ocrx_word' id='word_1_1' title='bbox 593 523 729 568; x_wconf 79' lang='lat' dir='ltr'>unionum</span> <span class='ocrx_word' id='word_1_2' title='bbox 753 524 820 571; x_wconf 77' lang='lat' dir='ltr'>cir.</span> <span class='ocrx_word' id='word_1_3' title='bbox 836 519 876 563; x_wconf 80' lang='lat' dir='ltr'>tat</span> <span class='ocrx_word' id='word_1_4' title='bbox 889 543 914 551; x_wconf 85' lang='lat'>-</span> <span class='ocrx_word' id='word_1_5' title='bbox 929 520 976 565; x_wconf 79' lang='lat' dir='ltr'>aaa.</span> <span class='ocrx_word' id='word_1_6' title='bbox 1037 585 1041 588; x_wconf 26' lang='grc'>-</span> <span class='ocrx_word' id='word_1_7' title='bbox 1229 505 1291 568; x_wconf 81' lang='lat'>105</span> 
     </span>
    </p>
   </div>
   <div class='ocr_carea' id='block_1_2' title="bbox 235 674 1299 4572">
    <p class='ocr_par' dir='ltr' id='par_1_2' title="bbox 235 674 1291 847">
     <span class='ocr_line' id='line_1_2' title="bbox 235 674 1291 748; baseline 0.002 -18"><span class='ocrx_word' id='word_1_8' title='bbox 235 674 334 732; x_wconf 87' lang='lat' dir='ltr'>melius</span> <span class='ocrx_word' id='word_1_9' title='bbox 357 681 398 730; x_wconf 92' lang='lat' dir='ltr'>est</span> <span class='ocrx_word' id='word_1_10' title='bbox 419 681 448 731; x_wconf 88' lang='lat' dir='ltr'>nt</span> <span class='ocrx_word' id='word_1_11' title='bbox 468 691 497 731; x_wconf 90' lang='lat' dir='ltr'>se</span> <span class='ocrx_word' id='word_1_12' title='bbox 519 674 580 731; x_wconf 85' lang='lat' dir='ltr'>viro</span> <span class='ocrx_word' id='word_1_13' title='bbox 600 681 744 748; x_wconf 91' lang='lat' dir='ltr'>conponat</span> <span class='ocrx_word' id='word_1_14' title='bbox 764 674 905 745; x_wconf 78' lang='lat' dir='ltr'>widrigild</span> <span class='ocrx_word' id='word_1_15' title='bbox 926 691 1024 745; x_wconf 91' lang='lat' dir='ltr'>suum,</span> <span class='ocrx_word' id='word_1_16' title='bbox 1054 691 1138 748; x_wconf 91' lang='lat' dir='ltr'>quam</span> <span class='ocrx_word' id='word_1_17' title='bbox 1159 677 1194 732; x_wconf 92' lang='lat' dir='ltr'>de</span> <span class='ocrx_word' id='word_1_18' title='bbox 1215 692 1291 732; x_wconf 90' lang='lat' dir='ltr'>mor-</span> 
     </span>
     <span class='ocr_line' id='line_1_3' title="bbox 235 771 1084 847; baseline 0.002 -19"><span class='ocrx_word' id='word_1_19' title='bbox 235 779 282 828; x_wconf 90' lang='lat' dir='ltr'>tuo</span> <span class='ocrx_word' id='word_1_20' title='bbox 304 779 409 829; x_wconf 89' lang='lat' dir='ltr'>crescat</span> <span class='ocrx_word' id='word_1_21' title='bbox 428 771 501 828; x_wconf 88' lang='lat' dir='ltr'>laida</span> <span class='ocrx_word' id='word_1_22' title='bbox 521 771 595 828; x_wconf 89' lang='lat' dir='ltr'>inter</span> <span class='ocrx_word' id='word_1_23' title='bbox 615 773 738 844; x_wconf 89' lang='lat' dir='ltr'>parentis</span> <span class='ocrx_word' id='word_1_24' title='bbox 759 781 787 828; x_wconf 91' lang='lat' dir='ltr'>et</span> <span class='ocrx_word' id='word_1_25' title='bbox 807 773 964 845; x_wconf 85' lang='lat' dir='ltr'>conpositio</span> <span class='ocrx_word' id='word_1_26' title='bbox 986 775 1084 847; x_wconf 86' lang='lat' dir='ltr'>major.</span> 
     </span>
    </p>

    <p class='ocr_par' dir='ltr' id='par_1_3' title="bbox 235 869 1297 2997">
     <span class='ocr_line' id='line_1_4' title="bbox 316 869 1291 944; baseline 0.002 -17"><span class='ocrx_word' id='word_1_27' title='bbox 316 869 404 944; x_wconf 77' lang='lat' dir='ltr'>(Vll.)</span> <span class='ocrx_word' id='word_1_28' title='bbox 425 872 511 927; x_wconf 71' lang='grc'>186.</span> <span class='ocrx_word' id='word_1_29' title='bbox 533 871 601 926; x_wconf 91' lang='lat' dir='ltr'>ltem</span> <span class='ocrx_word' id='word_1_30' title='bbox 617 869 791 926; x_wconf 84' lang='lat' dir='ltr'>adurrtiatum</span> <span class='ocrx_word' id='word_1_31' title='bbox 814 877 856 926; x_wconf 92' lang='lat' dir='ltr'>est</span> <span class='ocrx_word' id='word_1_32' title='bbox 874 871 965 940; x_wconf 87' lang='lat' dir='ltr'>nobis,</span> <span class='ocrx_word' id='word_1_33' title='bbox 989 873 1066 944; x_wconf 92' lang='lat' dir='ltr'>quod</span> <span class='ocrx_word' id='word_1_34' title='bbox 1081 873 1197 944; x_wconf 90' lang='lat' dir='ltr'>quidam</span> <span class='ocrx_word' id='word_1_35' title='bbox 1208 873 1291 930; x_wconf 91' lang='lat' dir='ltr'>homo</span> 
     </span>
     <span class='ocr_line' id='line_1_5' title="bbox 235 967 1293 1040; baseline 0.004 -17"><span class='ocrx_word' id='word_1_36' title='bbox 235 968 355 1025; x_wconf 86' lang='lat' dir='ltr'>habebat</span> <span class='ocrx_word' id='word_1_37' title='bbox 375 976 492 1040; x_wconf 88' lang='lat' dir='ltr'>puteum</span> <span class='ocrx_word' id='word_1_38' title='bbox 513 967 542 1024; x_wconf 93' lang='lat' dir='ltr'>in</span> <span class='ocrx_word' id='word_1_39' title='bbox 564 976 671 1024; x_wconf 82' lang='lat' dir='ltr'>curtem</span> <span class='ocrx_word' id='word_1_40' title='bbox 696 985 795 1037; x_wconf 91' lang='lat' dir='ltr'>suam,</span> <span class='ocrx_word' id='word_1_41' title='bbox 828 975 856 1024; x_wconf 92' lang='lat' dir='ltr'>ct</span> <span class='ocrx_word' id='word_1_42' title='bbox 882 968 1037 1026; x_wconf 90' lang='lat' dir='ltr'>secundum</span> <span class='ocrx_word' id='word_1_43' title='bbox 1064 970 1293 1028; x_wconf 90' lang='lat' dir='ltr'>consuitudincm</span> 
     </span>
     <span class='ocr_line' id='line_1_6' title="bbox 236 1066 1294 1139; baseline 0.005 -18"><span class='ocrx_word' id='word_1_44' title='bbox 236 1067 313 1122; x_wconf 88' lang='lat' dir='ltr'>iurca</span> <span class='ocrx_word' id='word_1_45' title='bbox 342 1073 369 1122; x_wconf 88' lang='lat' dir='ltr'>ct</span> <span class='ocrx_word' id='word_1_46' title='bbox 399 1066 524 1122; x_wconf 90' lang='lat' dir='ltr'>tolenum</span> <span class='ocrx_word' id='word_1_47' title='bbox 553 1066 588 1122; x_wconf 89' lang='lat' dir='ltr'>ad</span> <span class='ocrx_word' id='word_1_48' title='bbox 618 1066 785 1123; x_wconf 89' lang='lat' dir='ltr'>auriendum</span> <span class='ocrx_word' id='word_1_49' title='bbox 806 1082 919 1139; x_wconf 80' lang='lat' dir='ltr'>aquam.</span> <span class='ocrx_word' id='word_1_50' title='bbox 966 1067 1089 1124; x_wconf 86' lang='lat' dir='ltr'>Veniens</span> <span class='ocrx_word' id='word_1_51' title='bbox 1109 1077 1202 1125; x_wconf 92' lang='lat' dir='ltr'>autem</span> <span class='ocrx_word' id='word_1_52' title='bbox 1224 1071 1294 1126; x_wconf 88' lang='lat' dir='ltr'>alter</span> 
     </span>
     <span class='ocr_line' id='line_1_7' title="bbox 235 1164 1293 1250; baseline 0.003 -30"><span class='ocrx_word' id='word_1_53' title='bbox 235 1165 320 1220; x_wconf 91' lang='lat' dir='ltr'>homo</span> <span class='ocrx_word' id='word_1_54' title='bbox 340 1164 416 1220; x_wconf 89' lang='lat' dir='ltr'>stetit</span> <span class='ocrx_word' id='word_1_55' title='bbox 435 1165 486 1221; x_wconf 88' lang='lat' dir='ltr'>sub</span> <span class='ocrx_word' id='word_1_56' title='bbox 508 1165 599 1237; x_wconf 93' lang='lat' dir='ltr'>ipsum</span> <span class='ocrx_word' id='word_1_57' title='bbox 621 1166 765 1226; x_wconf 88' lang='lat' dir='ltr'>tolenum;</span> <span class='ocrx_word' id='word_1_58' title='bbox 787 1181 852 1250; x_wconf 88' lang='lat' dir='ltr'>cum</span> <span class='ocrx_word' id='word_1_59' title='bbox 874 1173 966 1221; x_wconf 91' lang='lat' dir='ltr'>autem</span> <span class='ocrx_word' id='word_1_60' title='bbox 988 1165 1101 1222; x_wconf 89' lang='lat' dir='ltr'>venissit</span> <span class='ocrx_word' id='word_1_61' title='bbox 1121 1167 1235 1239; x_wconf 91' lang='lat' dir='ltr'>quidam</span> <span class='ocrx_word' id='word_1_62' title='bbox 1258 1168 1293 1224; x_wconf 93' lang='lat' dir='ltr'>ad</span> 
     </span>
     <span class='ocr_line' id='line_1_8' title="bbox 236 1263 1294 1337; baseline 0.003 -18"><span class='ocrx_word' id='word_1_63' title='bbox 236 1263 419 1319; x_wconf 88' lang='lat' dir='ltr'>hauriendam</span> <span class='ocrx_word' id='word_1_64' title='bbox 440 1279 540 1335; x_wconf 89' lang='lat' dir='ltr'>aquam</span> <span class='ocrx_word' id='word_1_65' title='bbox 563 1263 598 1319; x_wconf 92' lang='lat' dir='ltr'>dc</span> <span class='ocrx_word' id='word_1_66' title='bbox 617 1263 708 1336; x_wconf 89' lang='lat' dir='ltr'>ipsum</span> <span class='ocrx_word' id='word_1_67' title='bbox 725 1269 850 1335; x_wconf 75' lang='lat' dir='ltr'>porcum,</span> <span class='ocrx_word' id='word_1_68' title='bbox 874 1271 902 1318; x_wconf 91' lang='lat' dir='ltr'>et</span> <span class='ocrx_word' id='word_1_69' title='bbox 922 1263 1033 1320; x_wconf 81' lang='lat' dir='ltr'>incaute</span> <span class='ocrx_word' id='word_1_70' title='bbox 1053 1265 1145 1337; x_wconf 93' lang='lat' dir='ltr'>ipsum</span> <span class='ocrx_word' id='word_1_71' title='bbox 1166 1267 1294 1322; x_wconf 88' lang='lat' dir='ltr'>tolenum</span> 
     </span>
     <span class='ocr_line' id='line_1_9' title="bbox 237 1361 1292 1433; baseline 0.004 -17"><span class='ocrx_word' id='word_1_72' title='bbox 237 1361 398 1430; x_wconf 88' lang='lat' dir='ltr'>dimisissit,</span> <span class='ocrx_word' id='word_1_73' title='bbox 420 1361 497 1417; x_wconf 81' lang='lat' dir='ltr'>venit</span> <span class='ocrx_word' id='word_1_74' title='bbox 517 1377 602 1433; x_wconf 88' lang='lat' dir='ltr'>super</span> <span class='ocrx_word' id='word_1_75' title='bbox 623 1377 687 1417; x_wconf 90' lang='lat' dir='ltr'>enm</span> <span class='ocrx_word' id='word_1_76' title='bbox 709 1361 757 1433; x_wconf 94' lang='lat' dir='ltr'>qui</span> <span class='ocrx_word' id='word_1_77' title='bbox 778 1362 830 1417; x_wconf 87' lang='lat' dir='ltr'>suh</span> <span class='ocrx_word' id='word_1_78' title='bbox 853 1361 913 1432; x_wconf 89' lang='lat' dir='ltr'>ipso</span> <span class='ocrx_word' id='word_1_79' title='bbox 932 1363 1030 1426; x_wconf 86' lang='lat' dir='ltr'>stabat,</span> <span class='ocrx_word' id='word_1_80' title='bbox 1055 1370 1081 1418; x_wconf 89' lang='lat' dir='ltr'>et</span> <span class='ocrx_word' id='word_1_81' title='bbox 1098 1369 1223 1419; x_wconf 88' lang='lat' dir='ltr'>mortuos</span> <span class='ocrx_word' id='word_1_82' title='bbox 1244 1369 1292 1421; x_wconf 88' lang='lat' dir='ltr'>cst.</span> 
     </span>
     <span class='ocr_line' id='line_1_10' title="bbox 237 1457 1296 1532; baseline 0.003 -18"><span class='ocrx_word' id='word_1_83' title='bbox 237 1459 309 1515; x_wconf 87' lang='lat' dir='ltr'>Cum</span> <span class='ocrx_word' id='word_1_84' title='bbox 330 1467 423 1514; x_wconf 85' lang='lat' dir='ltr'>autem</span> <span class='ocrx_word' id='word_1_85' title='bbox 444 1458 589 1531; x_wconf 83' lang='lat' dir='ltr'>requisitio</span> <span class='ocrx_word' id='word_1_86' title='bbox 611 1457 736 1530; x_wconf 88' lang='lat' dir='ltr'>ejusdem</span> <span class='ocrx_word' id='word_1_87' title='bbox 757 1457 861 1514; x_wconf 90' lang='lat' dir='ltr'>mortui</span> <span class='ocrx_word' id='word_1_88' title='bbox 883 1458 976 1523; x_wconf 88' lang='lat' dir='ltr'>fierit,</span> <span class='ocrx_word' id='word_1_89' title='bbox 1007 1459 1071 1532; x_wconf 93' lang='lat' dir='ltr'>quis</span> <span class='ocrx_word' id='word_1_90' title='bbox 1100 1476 1165 1516; x_wconf 91' lang='lat' dir='ltr'>eum</span> <span class='ocrx_word' id='word_1_91' title='bbox 1186 1459 1296 1517; x_wconf 82' lang='lat' dir='ltr'>deberit</span> 
     </span>
     <span class='ocr_line' id='line_1_11' title="bbox 237 1555 1295 1629; baseline 0.005 -19"><span class='ocrx_word' id='word_1_92' title='bbox 237 1572 418 1628; x_wconf 84' lang='lat' dir='ltr'>conponere,</span> <span class='ocrx_word' id='word_1_93' title='bbox 442 1562 469 1612; x_wconf 88' lang='lat' dir='ltr'>et</span> <span class='ocrx_word' id='word_1_94' title='bbox 491 1556 571 1612; x_wconf 85' lang='lat' dir='ltr'>nohis</span> <span class='ocrx_word' id='word_1_95' title='bbox 591 1556 710 1612; x_wconf 90' lang='lat' dir='ltr'>relatum</span> <span class='ocrx_word' id='word_1_96' title='bbox 732 1555 840 1610; x_wconf 88' lang='lat' dir='ltr'>luissit:</span> <span class='ocrx_word' id='word_1_97' title='bbox 864 1555 901 1610; x_wconf 92' lang='lat' dir='ltr'>ita</span> <span class='ocrx_word' id='word_1_98' title='bbox 924 1556 1004 1612; x_wconf 91' lang='lat' dir='ltr'>nobis</span> <span class='ocrx_word' id='word_1_99' title='bbox 1025 1564 1054 1612; x_wconf 86' lang='lat' dir='ltr'>et</span> <span class='ocrx_word' id='word_1_100' title='bbox 1074 1558 1176 1614; x_wconf 89' lang='lat' dir='ltr'>nostris</span> <span class='ocrx_word' id='word_1_101' title='bbox 1194 1559 1295 1629; x_wconf 84' lang='lat' dir='ltr'>judici·</span> 
     </span>
     <span class='ocr_line' id='line_1_12' title="bbox 235 1646 1293 1726; baseline 0.001 -16"><span class='ocrx_word' id='word_1_102' title='bbox 235 1654 288 1710; x_wconf 89' lang='lat' dir='ltr'>bus</span> <span class='ocrx_word' id='word_1_103' title='bbox 310 1661 417 1710; x_wconf 90' lang='lat' dir='ltr'>rectum</span> <span class='ocrx_word' id='word_1_104' title='bbox 439 1646 532 1726; x_wconf 82' lang='lat' dir='ltr'>paruit</span> <span class='ocrx_word' id='word_1_105' title='bbox 552 1669 630 1721; x_wconf 94' lang='lat' dir='ltr'>esse,</span> <span class='ocrx_word' id='word_1_106' title='bbox 666 1661 696 1707; x_wconf 92' lang='lat' dir='ltr'>ut</span> <span class='ocrx_word' id='word_1_107' title='bbox 725 1653 784 1725; x_wconf 92' lang='lat' dir='ltr'>ipse</span> <span class='ocrx_word' id='word_1_108' title='bbox 807 1652 899 1708; x_wconf 88' lang='lat' dir='ltr'>&#39;homo</span> <span class='ocrx_word' id='word_1_109' title='bbox 931 1653 981 1724; x_wconf 93' lang='lat' dir='ltr'>qui</span> <span class='ocrx_word' id='word_1_110' title='bbox 1011 1653 1070 1709; x_wconf 89' lang='lat' dir='ltr'>hibi</span> <span class='ocrx_word' id='word_1_111' title='bbox 1092 1662 1218 1712; x_wconf 90' lang='lat' dir='ltr'>mortuos</span> <span class='ocrx_word' id='word_1_112' title='bbox 1240 1663 1293 1724; x_wconf 85' lang='lat' dir='ltr'>est,</span> 
     </span>
     <span class='ocr_line' id='line_1_13' title="bbox 237 1749 1294 1824; baseline 0.003 -18"><span class='ocrx_word' id='word_1_113' title='bbox 237 1751 302 1824; x_wconf 89' lang='lat' dir='ltr'>quia</span> <span class='ocrx_word' id='word_1_114' title='bbox 323 1769 380 1807; x_wconf 93' lang='lat' dir='ltr'>non</span> <span class='ocrx_word' id='word_1_115' title='bbox 403 1752 455 1808; x_wconf 87' lang='lat' dir='ltr'>luit</span> <span class='ocrx_word' id='word_1_116' title='bbox 474 1750 588 1815; x_wconf 86' lang='lat' dir='ltr'>animal,</span> <span class='ocrx_word' id='word_1_117' title='bbox 613 1751 663 1806; x_wconf 90' lang='lat' dir='ltr'>sed</span> <span class='ocrx_word' id='word_1_118' title='bbox 684 1766 797 1806; x_wconf 88' lang='lat' dir='ltr'>sensum</span> <span class='ocrx_word' id='word_1_119' title='bbox 818 1750 983 1806; x_wconf 82' lang='lat' dir='ltr'>rationalem</span> <span class='ocrx_word' id='word_1_120' title='bbox 1000 1749 1099 1806; x_wconf 91' lang='lat' dir='ltr'>habuit</span> <span class='ocrx_word' id='word_1_121' title='bbox 1119 1752 1191 1808; x_wconf 88' lang='lat' dir='ltr'>sicut</span> <span class='ocrx_word' id='word_1_122' title='bbox 1209 1752 1294 1809; x_wconf 89' lang='lat' dir='ltr'>homo</span> 
     </span>
     <span class='ocr_line' id='line_1_14' title="bbox 237 1847 1295 1921; baseline 0.001 -17"><span class='ocrx_word' id='word_1_123' title='bbox 237 1849 313 1905; x_wconf 89' lang='lat' dir='ltr'>debit</span> <span class='ocrx_word' id='word_1_124' title='bbox 333 1848 452 1914; x_wconf 87' lang='lat' dir='ltr'>habere,</span> <span class='ocrx_word' id='word_1_125' title='bbox 483 1850 643 1921; x_wconf 86' lang='lat' dir='ltr'>prospicere</span> <span class='ocrx_word' id='word_1_126' title='bbox 665 1847 762 1904; x_wconf 87' lang='lat' dir='ltr'>debuit</span> <span class='ocrx_word' id='word_1_127' title='bbox 782 1847 810 1904; x_wconf 95' lang='lat' dir='ltr'>in</span> <span class='ocrx_word' id='word_1_128' title='bbox 833 1848 946 1919; x_wconf 90' lang='lat' dir='ltr'>qualem</span> <span class='ocrx_word' id='word_1_129' title='bbox 967 1849 1062 1904; x_wconf 91' lang='lat' dir='ltr'>locum</span> <span class='ocrx_word' id='word_1_130' title='bbox 1082 1865 1112 1904; x_wconf 91' lang='lat' dir='ltr'>se</span> <span class='ocrx_word' id='word_1_131' title='bbox 1133 1864 1238 1920; x_wconf 84' lang='lat' dir='ltr'>ponere</span> <span class='ocrx_word' id='word_1_132' title='bbox 1259 1851 1295 1907; x_wconf 92' lang='lat' dir='ltr'>ad</span> 
     </span>
     <span class='ocr_line' id='line_1_15' title="bbox 237 1945 1296 2020; baseline 0.001 -17"><span class='ocrx_word' id='word_1_133' title='bbox 237 1948 386 2016; x_wconf 91' lang='lat' dir='ltr'>standum,</span> <span class='ocrx_word' id='word_1_134' title='bbox 420 1951 467 2003; x_wconf 91' lang='lat' dir='ltr'>aut</span> <span class='ocrx_word' id='word_1_135' title='bbox 496 1948 608 2020; x_wconf 90' lang='lat' dir='ltr'>qualem</span> <span class='ocrx_word' id='word_1_136' title='bbox 637 1946 748 2018; x_wconf 88' lang='lat' dir='ltr'>pondus</span> <span class='ocrx_word' id='word_1_137' title='bbox 774 1961 908 2018; x_wconf 88' lang='lat' dir='ltr'>superse</span> <span class='ocrx_word' id='word_1_138' title='bbox 931 1945 1066 2011; x_wconf 86' lang='lat' dir='ltr'>habebat,</span> <span class='ocrx_word' id='word_1_139' title='bbox 1097 1947 1161 2002; x_wconf 93' lang='lat' dir='ltr'>ideo</span> <span class='ocrx_word' id='word_1_140' title='bbox 1193 1947 1296 2020; x_wconf 91' lang='lat' dir='ltr'>repotit</span> 
     </span>
     <span class='ocr_line' id='line_1_16' title="bbox 236 2043 1292 2117; baseline -0.002 -15"><span class='ocrx_word' id='word_1_141' title='bbox 236 2044 289 2102; x_wconf 85' lang='lat' dir='ltr'>eibi</span> <span class='ocrx_word' id='word_1_142' title='bbox 311 2047 380 2101; x_wconf 90' lang='lat' dir='ltr'>duas</span> <span class='ocrx_word' id='word_1_143' title='bbox 400 2045 485 2117; x_wconf 91' lang='lat' dir='ltr'>partis</span> <span class='ocrx_word' id='word_1_144' title='bbox 501 2044 582 2115; x_wconf 88' lang='lat' dir='ltr'>pretii</span> <span class='ocrx_word' id='word_1_145' title='bbox 602 2045 637 2099; x_wconf 92' lang='lat' dir='ltr'>dc</span> <span class='ocrx_word' id='word_1_146' title='bbox 653 2043 877 2116; x_wconf 73' lang='lat' dir='ltr'>conpositionem</span> <span class='ocrx_word' id='word_1_147' title='bbox 892 2060 988 2110; x_wconf 88' lang='lat' dir='ltr'>suam;</span> <span class='ocrx_word' id='word_1_148' title='bbox 1012 2051 1040 2099; x_wconf 92' lang='lat' dir='ltr'>et</span> <span class='ocrx_word' id='word_1_149' title='bbox 1053 2044 1161 2100; x_wconf 90' lang='lat' dir='ltr'>tertiam</span> <span class='ocrx_word' id='word_1_150' title='bbox 1174 2053 1292 2117; x_wconf 90' lang='lat' dir='ltr'>partem,</span> 
     </span>
     <span class='ocr_line' id='line_1_17' title="bbox 237 2141 1296 2218; baseline 0 -20"><span class='ocrx_word' id='word_1_151' title='bbox 237 2151 374 2218; x_wconf 91' lang='lat' dir='ltr'>quantum</span> <span class='ocrx_word' id='word_1_152' title='bbox 394 2143 453 2216; x_wconf 90' lang='lat' dir='ltr'>ipse</span> <span class='ocrx_word' id='word_1_153' title='bbox 475 2142 630 2198; x_wconf 87' lang='lat' dir='ltr'>secundum</span> <span class='ocrx_word' id='word_1_154' title='bbox 652 2143 743 2198; x_wconf 82' lang='lat' dir='ltr'>Edicti</span> <span class='ocrx_word' id='word_1_155' title='bbox 765 2141 886 2198; x_wconf 86' lang='lat' dir='ltr'>tinorem</span> <span class='ocrx_word' id='word_1_156' title='bbox 900 2143 1089 2215; x_wconf 89' lang='lat' dir='ltr'>adpraetiatas</span> <span class='ocrx_word' id='word_1_157' title='bbox 1110 2142 1203 2211; x_wconf 84' lang='lat' dir='ltr'>luerit,</span> <span class='ocrx_word' id='word_1_158' title='bbox 1227 2159 1296 2199; x_wconf 91' lang='lat' dir='ltr'>con·</span> 
     </span>
     <span class='ocr_line' id='line_1_18' title="bbox 236 2239 1295 2314; baseline -0.001 -17"><span class='ocrx_word' id='word_1_159' title='bbox 236 2249 322 2314; x_wconf 87' lang='lat' dir='ltr'>ponat</span> <span class='ocrx_word' id='word_1_160' title='bbox 342 2241 389 2296; x_wconf 91' lang='lat' dir='ltr'>illc</span> <span class='ocrx_word' id='word_1_161' title='bbox 411 2241 459 2313; x_wconf 90' lang='lat' dir='ltr'>qui</span> <span class='ocrx_word' id='word_1_162' title='bbox 482 2241 570 2313; x_wconf 89' lang='lat' dir='ltr'>ipsam</span> <span class='ocrx_word' id='word_1_163' title='bbox 591 2255 693 2313; x_wconf 88' lang='lat' dir='ltr'>aquam</span> <span class='ocrx_word' id='word_1_164' title='bbox 713 2240 824 2296; x_wconf 85' lang='lat' dir='ltr'>incaute</span> <span class='ocrx_word' id='word_1_165' title='bbox 845 2239 988 2310; x_wconf 88' lang='lat' dir='ltr'>auriebat,</span> <span class='ocrx_word' id='word_1_166' title='bbox 1023 2247 1051 2296; x_wconf 92' lang='lat' dir='ltr'>et</span> <span class='ocrx_word' id='word_1_167' title='bbox 1081 2241 1122 2296; x_wconf 91' lang='lat' dir='ltr'>dit</span> <span class='ocrx_word' id='word_1_168' title='bbox 1148 2257 1208 2296; x_wconf 89' lang='lat' dir='ltr'>eam</span> <span class='ocrx_word' id='word_1_169' title='bbox 1231 2241 1295 2297; x_wconf 90' lang='lat' dir='ltr'>filiis</span> 
     </span>
     <span class='ocr_line' id='line_1_19' title="bbox 237 2337 1295 2411; baseline -0.002 -15"><span class='ocrx_word' id='word_1_170' title='bbox 237 2339 340 2396; x_wconf 90' lang='lat' dir='ltr'>autad</span> <span class='ocrx_word' id='word_1_171' title='bbox 361 2337 515 2411; x_wconf 91' lang='lat' dir='ltr'>propinqui</span> <span class='ocrx_word' id='word_1_172' title='bbox 536 2338 675 2410; x_wconf 87' lang='lat' dir='ltr'>parentis,</span> <span class='ocrx_word' id='word_1_173' title='bbox 705 2339 746 2392; x_wconf 87' lang='lat' dir='ltr'>rel</span> <span class='ocrx_word' id='word_1_174' title='bbox 769 2338 817 2409; x_wconf 92' lang='lat' dir='ltr'>qui</span> <span class='ocrx_word' id='word_1_175' title='bbox 840 2337 866 2392; x_wconf 92' lang='lat' dir='ltr'>ei</span> <span class='ocrx_word' id='word_1_176' title='bbox 887 2338 999 2393; x_wconf 91' lang='lat' dir='ltr'>heredis</span> <span class='ocrx_word' id='word_1_177' title='bbox 1020 2338 1184 2394; x_wconf 80' lang='lat' dir='ltr'>crhistunt:</span> <span class='ocrx_word' id='word_1_178' title='bbox 1211 2346 1239 2394; x_wconf 92' lang='lat' dir='ltr'>et</span> <span class='ocrx_word' id='word_1_179' title='bbox 1260 2339 1295 2394; x_wconf 87' lang='lat' dir='ltr'>sit</span> 
     </span>
     <span class='ocr_line' id='line_1_20' title="bbox 237 2435 1296 2508; baseline 0 -15"><span class='ocrx_word' id='word_1_180' title='bbox 237 2453 349 2494; x_wconf 90' lang='lat' dir='ltr'>cansam</span> <span class='ocrx_word' id='word_1_181' title='bbox 370 2437 469 2506; x_wconf 88' lang='lat' dir='ltr'>linita,</span> <span class='ocrx_word' id='word_1_182' title='bbox 498 2437 605 2508; x_wconf 87' lang='lat' dir='ltr'>absquo</span> <span class='ocrx_word' id='word_1_183' title='bbox 626 2451 740 2490; x_wconf 92' lang='lat' dir='ltr'>omnem</span> <span class='ocrx_word' id='word_1_184' title='bbox 761 2435 833 2491; x_wconf 89' lang='lat' dir='ltr'>laida</span> <span class='ocrx_word' id='word_1_185' title='bbox 856 2436 897 2490; x_wconf 84' lang='lat' dir='ltr'>vel</span> <span class='ocrx_word' id='word_1_186' title='bbox 920 2436 1018 2503; x_wconf 90' lang='lat' dir='ltr'>dolus,</span> <span class='ocrx_word' id='word_1_187' title='bbox 1048 2436 1113 2508; x_wconf 91' lang='lat' dir='ltr'>qnia</span> <span class='ocrx_word' id='word_1_188' title='bbox 1141 2437 1296 2493; x_wconf 89' lang='lat' dir='ltr'>nolendum</span> 
     </span>
     <span class='ocr_line' id='line_1_21' title="bbox 237 2532 1296 2604; baseline -0.001 -13"><span class='ocrx_word' id='word_1_189' title='bbox 237 2536 340 2593; x_wconf 85' lang='lat' dir='ltr'>lactum</span> <span class='ocrx_word' id='word_1_190' title='bbox 361 2542 410 2594; x_wconf 90' lang='lat' dir='ltr'>est.</span> <span class='ocrx_word' id='word_1_191' title='bbox 441 2535 491 2590; x_wconf 89' lang='lat' dir='ltr'>lllc</span> <span class='ocrx_word' id='word_1_192' title='bbox 512 2541 620 2603; x_wconf 89' lang='lat' dir='ltr'>autem,</span> <span class='ocrx_word' id='word_1_193' title='bbox 650 2533 729 2604; x_wconf 86' lang='lat' dir='ltr'>cujus</span> <span class='ocrx_word' id='word_1_194' title='bbox 750 2532 810 2604; x_wconf 91' lang='lat' dir='ltr'>ipse</span> <span class='ocrx_word' id='word_1_195' title='bbox 831 2540 947 2604; x_wconf 90' lang='lat' dir='ltr'>poteum</span> <span class='ocrx_word' id='word_1_196' title='bbox 968 2533 1034 2598; x_wconf 88' lang='lat' dir='ltr'>luit,</span> <span class='ocrx_word' id='word_1_197' title='bbox 1069 2534 1175 2590; x_wconf 88' lang='lat' dir='ltr'>nullam</span> <span class='ocrx_word' id='word_1_198' title='bbox 1196 2535 1296 2591; x_wconf 84' lang='lat' dir='ltr'>lrabeat</span> 
     </span>
     <span class='ocr_line' id='line_1_22' title="bbox 236 2630 1297 2705; baseline -0.002 -15"><span class='ocrx_word' id='word_1_199' title='bbox 236 2633 396 2698; x_wconf 78' lang='lat' dir='ltr'>calomnia3</span> <span class='ocrx_word' id='word_1_200' title='bbox 419 2633 485 2704; x_wconf 93' lang='lat' dir='ltr'>quia</span> <span class='ocrx_word' id='word_1_201' title='bbox 506 2631 531 2688; x_wconf 93' lang='lat' dir='ltr'>ei</span> <span class='ocrx_word' id='word_1_202' title='bbox 554 2631 577 2687; x_wconf 92' lang='lat' dir='ltr'>si</span> <span class='ocrx_word' id='word_1_203' title='bbox 599 2630 767 2688; x_wconf 87' lang='lat' dir='ltr'>calomniam</span> <span class='ocrx_word' id='word_1_204' title='bbox 789 2630 960 2700; x_wconf 80' lang='lat' dir='ltr'>ingerimus,</span> <span class='ocrx_word' id='word_1_205' title='bbox 989 2638 1085 2703; x_wconf 89' lang='lat' dir='ltr'>postea</span> <span class='ocrx_word' id='word_1_206' title='bbox 1114 2633 1208 2688; x_wconf 90' lang='lat' dir='ltr'>nullus</span> <span class='ocrx_word' id='word_1_207' title='bbox 1234 2647 1297 2705; x_wconf 91' lang='lat' dir='ltr'>per·</span> 
     </span>
     <span class='ocr_line' id='line_1_23' title="bbox 236 2728 1297 2802; baseline -0.002 -15"><span class='ocrx_word' id='word_1_208' title='bbox 236 2731 336 2787; x_wconf 86' lang='lat' dir='ltr'>mittat.</span> <span class='ocrx_word' id='word_1_209' title='bbox 355 2731 390 2787; x_wconf 92' lang='lat' dir='ltr'>de</span> <span class='ocrx_word' id='word_1_210' title='bbox 420 2736 504 2801; x_wconf 88' lang='lat' dir='ltr'>poteo</span> <span class='ocrx_word' id='word_1_211' title='bbox 526 2745 578 2784; x_wconf 88' lang='lat' dir='ltr'>suo</span> <span class='ocrx_word' id='word_1_212' title='bbox 600 2745 672 2801; x_wconf 92' lang='lat' dir='ltr'>aqua</span> <span class='ocrx_word' id='word_1_213' title='bbox 693 2729 804 2784; x_wconf 88' lang='lat' dir='ltr'>levare:</span> <span class='ocrx_word' id='word_1_214' title='bbox 833 2735 861 2784; x_wconf 88' lang='lat' dir='ltr'>et</span> <span class='ocrx_word' id='word_1_215' title='bbox 888 2728 955 2800; x_wconf 91' lang='lat' dir='ltr'>quia</span> <span class='ocrx_word' id='word_1_216' title='bbox 978 2745 1075 2784; x_wconf 91' lang='lat' dir='ltr'>omnes</span> <span class='ocrx_word' id='word_1_217' title='bbox 1096 2730 1224 2786; x_wconf 84' lang='lat' dir='ltr'>homenis</span> <span class='ocrx_word' id='word_1_218' title='bbox 1247 2747 1297 2802; x_wconf 95' lang='lat' dir='ltr'>po-</span> 
     </span>
     <span class='ocr_line' id='line_1_24' title="bbox 236 2826 1297 2899; baseline 0 -15"><span class='ocrx_word' id='word_1_219' title='bbox 236 2836 297 2884; x_wconf 90' lang='lat' dir='ltr'>teus</span> <span class='ocrx_word' id='word_1_220' title='bbox 318 2830 420 2885; x_wconf 84' lang='lat' dir='ltr'>habere</span> <span class='ocrx_word' id='word_1_221' title='bbox 442 2845 498 2883; x_wconf 93' lang='lat' dir='ltr'>non</span> <span class='ocrx_word' id='word_1_222' title='bbox 520 2834 654 2899; x_wconf 89' lang='lat' dir='ltr'>possunt,</span> <span class='ocrx_word' id='word_1_223' title='bbox 685 2826 787 2898; x_wconf 89' lang='lat' dir='ltr'>reliqui</span> <span class='ocrx_word' id='word_1_224' title='bbox 819 2826 869 2898; x_wconf 91' lang='lat' dir='ltr'>qui</span> <span class='ocrx_word' id='word_1_225' title='bbox 890 2834 956 2882; x_wconf 88' lang='lat' dir='ltr'>sunt</span> <span class='ocrx_word' id='word_1_226' title='bbox 977 2828 1108 2899; x_wconf 90' lang='lat' dir='ltr'>pauperis</span> <span class='ocrx_word' id='word_1_227' title='bbox 1136 2828 1297 2884; x_wconf 88' lang='lat' dir='ltr'>moriuntur</span> 
     </span>
     <span class='ocr_line' id='line_1_25' title="bbox 235 2923 1153 2997; baseline -0.004 -14"><span class='ocrx_word' id='word_1_228' title='bbox 235 2927 320 2997; x_wconf 90' lang='lat' dir='ltr'>sitim,</span> <span class='ocrx_word' id='word_1_229' title='bbox 344 2935 368 2982; x_wconf 89' lang='lat' dir='ltr'>et</span> <span class='ocrx_word' id='word_1_230' title='bbox 391 2926 523 2982; x_wconf 85' lang='lat' dir='ltr'>iterantes</span> <span class='ocrx_word' id='word_1_231' title='bbox 544 2941 634 2997; x_wconf 90' lang='lat' dir='ltr'>aquae</span> <span class='ocrx_word' id='word_1_232' title='bbox 656 2925 848 2981; x_wconf 89' lang='lat' dir='ltr'>necessitatem</span> <span class='ocrx_word' id='word_1_233' title='bbox 869 2924 1023 2996; x_wconf 85' lang='lat' dir='ltr'>patiuntur.</span> <span class='ocrx_word' id='word_1_234' title='bbox 1152 2923 1153 2928; x_wconf 74' lang='grc'>’</span> 
     </span>
    </p>

    <p class='ocr_par' dir='ltr' id='par_1_4' title="bbox 236 3021 1299 4572">
     <span class='ocr_line' id='line_1_26' title="bbox 316 3021 1295 3097; baseline -0.005 -15"><span class='ocrx_word' id='word_1_235' title='bbox 316 3021 420 3097; x_wconf 81' lang='grc' dir='ltr'>(ΠΗ.)</span> <span class='ocrx_word' id='word_1_236' title='bbox 440 3025 520 3080; x_wconf 61' lang='grc' dir='ltr'>Ιδῖ.</span> <span class='ocrx_word' id='word_1_237' title='bbox 542 3025 611 3079; x_wconf 93' lang='lat' dir='ltr'>ltem</span> <span class='ocrx_word' id='word_1_238' title='bbox 631 3023 771 3095; x_wconf 89' lang='lat' dir='ltr'>perlatum</span> <span class='ocrx_word' id='word_1_239' title='bbox 792 3028 833 3078; x_wconf 90' lang='lat' dir='ltr'>est</span> <span class='ocrx_word' id='word_1_240' title='bbox 856 3023 948 3092; x_wconf 87' lang='lat' dir='ltr'>nobis,</span> <span class='ocrx_word' id='word_1_241' title='bbox 974 3023 1188 3095; x_wconf 91' lang='lat' dir='ltr'>quodquidam</span> <span class='ocrx_word' id='word_1_242' title='bbox 1210 3023 1295 3077; x_wconf 85' lang='lat' dir='ltr'>homo</span> 
     </span>
     <span class='ocr_line' id='line_1_27' title="bbox 238 3120 1296 3194; baseline -0.003 -16"><span class='ocrx_word' id='word_1_243' title='bbox 238 3120 409 3194; x_wconf 81' lang='lat' dir='ltr'>prostadissit</span> <span class='ocrx_word' id='word_1_244' title='bbox 432 3121 591 3193; x_wconf 87' lang='lat' dir='ltr'>jumentum</span> <span class='ocrx_word' id='word_1_245' title='bbox 612 3136 695 3176; x_wconf 93' lang='lat' dir='ltr'>suum</span> <span class='ocrx_word' id='word_1_246' title='bbox 716 3120 796 3176; x_wconf 90' lang='lat' dir='ltr'>alteri</span> <span class='ocrx_word' id='word_1_247' title='bbox 819 3121 932 3176; x_wconf 90' lang='lat' dir='ltr'>homeni</span> <span class='ocrx_word' id='word_1_248' title='bbox 955 3120 989 3176; x_wconf 91' lang='lat' dir='ltr'>ad</span> <span class='ocrx_word' id='word_1_249' title='bbox 1010 3123 1163 3190; x_wconf 81' lang='lat' dir='ltr'>victuram,</span> <span class='ocrx_word' id='word_1_250' title='bbox 1186 3128 1214 3176; x_wconf 93' lang='lat' dir='ltr'>et</span> <span class='ocrx_word' id='word_1_251' title='bbox 1235 3121 1296 3192; x_wconf 93' lang='lat' dir='ltr'>pol-</span> 
     </span>
     <span class='ocr_line' id='line_1_28' title="bbox 237 3218 1295 3290; baseline -0.003 -13"><span class='ocrx_word' id='word_1_252' title='bbox 237 3222 318 3277; x_wconf 86' lang='lat' dir='ltr'>lenus</span> <span class='ocrx_word' id='word_1_253' title='bbox 338 3218 492 3275; x_wconf 88' lang='lat' dir='ltr'>indomitos</span> <span class='ocrx_word' id='word_1_254' title='bbox 513 3227 626 3275; x_wconf 90' lang='lat' dir='ltr'>secutus</span> <span class='ocrx_word' id='word_1_255' title='bbox 647 3219 736 3274; x_wconf 89' lang='lat' dir='ltr'>luissit</span> <span class='ocrx_word' id='word_1_256' title='bbox 754 3220 842 3290; x_wconf 83' lang='lat' dir='ltr'>ipsam</span> <span class='ocrx_word' id='word_1_257' title='bbox 860 3225 977 3274; x_wconf 90' lang='lat' dir='ltr'>matrem</span> <span class='ocrx_word' id='word_1_258' title='bbox 992 3235 1090 3283; x_wconf 77' lang='lat' dir='ltr'>suam3</span> <span class='ocrx_word' id='word_1_259' title='bbox 1114 3218 1181 3274; x_wconf 92' lang='lat' dir='ltr'>dum</span> <span class='ocrx_word' id='word_1_260' title='bbox 1202 3226 1295 3274; x_wconf 88' lang='lat' dir='ltr'>autem</span> 
     </span>
     <span class='ocr_line' id='line_1_29' title="bbox 237 3315 1297 3391; baseline -0.003 -17"><span class='ocrx_word' id='word_1_261' title='bbox 237 3335 287 3391; x_wconf 92' lang='lat' dir='ltr'>per</span> <span class='ocrx_word' id='word_1_262' title='bbox 297 3317 339 3374; x_wconf 88' lang='lat' dir='ltr'>via</span> <span class='ocrx_word' id='word_1_263' title='bbox 350 3317 532 3373; x_wconf 87' lang='lat' dir='ltr'>ambolaverit</span> <span class='ocrx_word' id='word_1_264' title='bbox 540 3317 587 3373; x_wconf 91' lang='lat' dir='ltr'>ille</span> <span class='ocrx_word' id='word_1_265' title='bbox 597 3316 646 3388; x_wconf 95' lang='lat' dir='ltr'>qui</span> <span class='ocrx_word' id='word_1_266' title='bbox 655 3333 716 3372; x_wconf 91' lang='lat' dir='ltr'>cam</span> <span class='ocrx_word' id='word_1_267' title='bbox 727 3318 762 3372; x_wconf 88' lang='lat' dir='ltr'>ad</span> <span class='ocrx_word' id='word_1_268' title='bbox 774 3332 852 3373; x_wconf 91' lang='lat' dir='ltr'>suam</span> <span class='ocrx_word' id='word_1_269' title='bbox 863 3315 997 3373; x_wconf 88' lang='lat' dir='ltr'>victuram</span> <span class='ocrx_word' id='word_1_270' title='bbox 1006 3322 1161 3388; x_wconf 85' lang='lat' dir='ltr'>acceperat,</span> <span class='ocrx_word' id='word_1_271' title='bbox 1173 3316 1297 3388; x_wconf 87' lang='lat' dir='ltr'>contegit</span> 
     </span>
     <span class='ocr_line' id='line_1_30' title="bbox 238 3414 1297 3488; baseline 0 -18"><span class='ocrx_word' id='word_1_272' title='bbox 238 3423 279 3486; x_wconf 90' lang='lat' dir='ltr'>ut,</span> <span class='ocrx_word' id='word_1_273' title='bbox 298 3415 411 3472; x_wconf 82' lang='lat' dir='ltr'>infantis</span> <span class='ocrx_word' id='word_1_274' title='bbox 427 3415 456 3470; x_wconf 91' lang='lat' dir='ltr'>in</span> <span class='ocrx_word' id='word_1_275' title='bbox 469 3414 592 3488; x_wconf 88' lang='lat' dir='ltr'>quodam</span> <span class='ocrx_word' id='word_1_276' title='bbox 608 3415 667 3470; x_wconf 90' lang='lat' dir='ltr'>vico</span> <span class='ocrx_word' id='word_1_277' title='bbox 683 3415 791 3484; x_wconf 86' lang='lat' dir='ltr'>stantis,</span> <span class='ocrx_word' id='word_1_278' title='bbox 811 3415 870 3487; x_wconf 89' lang='lat' dir='ltr'>ipse</span> <span class='ocrx_word' id='word_1_279' title='bbox 886 3415 1017 3486; x_wconf 81' lang='lat' dir='ltr'>pollonus</span> <span class='ocrx_word' id='word_1_280' title='bbox 1029 3416 1064 3470; x_wconf 90' lang='lat' dir='ltr'>de</span> <span class='ocrx_word' id='word_1_281' title='bbox 1085 3414 1167 3471; x_wconf 90' lang='lat' dir='ltr'>calcis</span> <span class='ocrx_word' id='word_1_282' title='bbox 1184 3429 1297 3486; x_wconf 86' lang='lat' dir='ltr'>percus·</span> 
     </span>
     <span class='ocr_line' id='line_1_31' title="bbox 236 3512 1297 3585; baseline -0.004 -14"><span class='ocrx_word' id='word_1_283' title='bbox 236 3514 309 3571; x_wconf 89' lang='lat' dir='ltr'>sissit</span> <span class='ocrx_word' id='word_1_284' title='bbox 319 3529 391 3569; x_wconf 92' lang='lat' dir='ltr'>unus</span> <span class='ocrx_word' id='word_1_285' title='bbox 401 3530 436 3569; x_wconf 85' lang='lat' dir='ltr'>ex</span> <span class='ocrx_word' id='word_1_286' title='bbox 446 3513 525 3585; x_wconf 93' lang='lat' dir='ltr'>ipsis,</span> <span class='ocrx_word' id='word_1_287' title='bbox 549 3519 578 3568; x_wconf 86' lang='lat' dir='ltr'>ct</span> <span class='ocrx_word' id='word_1_288' title='bbox 586 3521 712 3568; x_wconf 87' lang='lat' dir='ltr'>mortuos</span> <span class='ocrx_word' id='word_1_289' title='bbox 726 3519 776 3567; x_wconf 90' lang='lat' dir='ltr'>est.</span> <span class='ocrx_word' id='word_1_290' title='bbox 800 3513 874 3567; x_wconf 90' lang='lat' dir='ltr'>Dum</span> <span class='ocrx_word' id='word_1_291' title='bbox 885 3519 978 3568; x_wconf 89' lang='lat' dir='ltr'>autem</span> <span class='ocrx_word' id='word_1_292' title='bbox 998 3513 1120 3585; x_wconf 88' lang='lat' dir='ltr'>parentis</span> <span class='ocrx_word' id='word_1_293' title='bbox 1131 3513 1191 3584; x_wconf 88' lang='lat' dir='ltr'>ejus</span> <span class='ocrx_word' id='word_1_294' title='bbox 1204 3512 1297 3585; x_wconf 91' lang='lat' dir='ltr'>requi·</span> 
     </span>
     <span class='ocr_line' id='line_1_32' title="bbox 237 3609 1296 3683; baseline -0.002 -15"><span class='ocrx_word' id='word_1_295' title='bbox 237 3613 326 3669; x_wconf 87' lang='lat' dir='ltr'>rirent</span> <span class='ocrx_word' id='word_1_296' title='bbox 339 3618 457 3668; x_wconf 88' lang='lat' dir='ltr'>mortem</span> <span class='ocrx_word' id='word_1_297' title='bbox 474 3611 561 3683; x_wconf 91' lang='lat' dir='ltr'>ipsius</span> <span class='ocrx_word' id='word_1_298' title='bbox 578 3609 720 3679; x_wconf 83' lang='lat' dir='ltr'>infantuli,</span> <span class='ocrx_word' id='word_1_299' title='bbox 739 3616 765 3664; x_wconf 91' lang='lat' dir='ltr'>et</span> <span class='ocrx_word' id='word_1_300' title='bbox 780 3609 861 3666; x_wconf 87' lang='lat' dir='ltr'>nobis</span> <span class='ocrx_word' id='word_1_301' title='bbox 879 3610 1022 3680; x_wconf 88' lang='lat' dir='ltr'>retulissit,</span> <span class='ocrx_word' id='word_1_302' title='bbox 1042 3611 1080 3668; x_wconf 89' lang='lat' dir='ltr'>ita</span> <span class='ocrx_word' id='word_1_303' title='bbox 1103 3609 1296 3682; x_wconf 85' lang='lat' dir='ltr'>prospeximus</span> 
     </span>
     <span class='ocr_line' id='line_1_33' title="bbox 237 3708 1297 3781; baseline -0.004 -14"><span class='ocrx_word' id='word_1_304' title='bbox 237 3727 302 3768; x_wconf 94' lang='lat' dir='ltr'>cum</span> <span class='ocrx_word' id='word_1_305' title='bbox 324 3709 424 3767; x_wconf 88' lang='lat' dir='ltr'>nostris</span> <span class='ocrx_word' id='word_1_306' title='bbox 442 3709 602 3781; x_wconf 85' lang='lat' dir='ltr'>judicibus,</span> <span class='ocrx_word' id='word_1_307' title='bbox 633 3708 752 3764; x_wconf 83' lang='lat' dir='ltr'>arduas</span> <span class='ocrx_word' id='word_1_308' title='bbox 773 3708 858 3780; x_wconf 88' lang='lat' dir='ltr'>partis</span> <span class='ocrx_word' id='word_1_309' title='bbox 879 3708 965 3780; x_wconf 89' lang='lat' dir='ltr'>precii</span> <span class='ocrx_word' id='word_1_310' title='bbox 986 3711 1106 3781; x_wconf 88' lang='lat' dir='ltr'>qualiter</span> <span class='ocrx_word' id='word_1_311' title='bbox 1126 3710 1184 3780; x_wconf 91' lang='lat' dir='ltr'>ipse</span> <span class='ocrx_word' id='word_1_312' title='bbox 1205 3708 1297 3764; x_wconf 88' lang='lat' dir='ltr'>inians</span> 
     </span>
     <span class='ocr_line' id='line_1_34' title="bbox 239 3805 1296 3880; baseline -0.005 -14"><span class='ocrx_word' id='word_1_313' title='bbox 239 3811 355 3866; x_wconf 90' lang='lat' dir='ltr'>valuerit</span> <span class='ocrx_word' id='word_1_314' title='bbox 372 3814 513 3880; x_wconf 87' lang='lat' dir='ltr'>conponat</span> <span class='ocrx_word' id='word_1_315' title='bbox 534 3808 581 3862; x_wconf 91' lang='lat' dir='ltr'>ille</span> <span class='ocrx_word' id='word_1_316' title='bbox 594 3806 673 3878; x_wconf 86' lang='lat' dir='ltr'>cujus</span> <span class='ocrx_word' id='word_1_317' title='bbox 691 3808 821 3879; x_wconf 91' lang='lat' dir='ltr'>pollenus</span> <span class='ocrx_word' id='word_1_318' title='bbox 843 3806 904 3870; x_wconf 89' lang='lat' dir='ltr'>luit,</span> <span class='ocrx_word' id='word_1_319' title='bbox 929 3806 1009 3862; x_wconf 84' lang='lat' dir='ltr'>tertia</span> <span class='ocrx_word' id='word_1_320' title='bbox 1024 3815 1168 3878; x_wconf 88' lang='lat' dir='ltr'>conponat</span> <span class='ocrx_word' id='word_1_321' title='bbox 1188 3805 1235 3862; x_wconf 86' lang='lat' dir='ltr'>illc</span> <span class='ocrx_word' id='word_1_322' title='bbox 1250 3805 1296 3861; x_wconf 92' lang='lat' dir='ltr'>cui</span> 
     </span>
     <span class='ocr_line' id='line_1_35' title="bbox 238 3904 1297 3981; baseline -0.005 -16"><span class='ocrx_word' id='word_1_323' title='bbox 238 3910 330 3981; x_wconf 91' lang='lat' dir='ltr'>ipsum</span> <span class='ocrx_word' id='word_1_324' title='bbox 345 3909 504 3981; x_wconf 87' lang='lat' dir='ltr'>jumentum</span> <span class='ocrx_word' id='word_1_325' title='bbox 523 3905 670 3978; x_wconf 90' lang='lat' dir='ltr'>prestitum</span> <span class='ocrx_word' id='word_1_326' title='bbox 691 3906 788 3964; x_wconf 85' lang='lat' dir='ltr'>iuerat.</span> <span class='ocrx_word' id='word_1_327' title='bbox 811 3904 881 3961; x_wconf 88' lang='lat' dir='ltr'>Nam</span> <span class='ocrx_word' id='word_1_328' title='bbox 892 3921 943 3960; x_wconf 94' lang='lat' dir='ltr'>nos</span> <span class='ocrx_word' id='word_1_329' title='bbox 958 3905 1070 3973; x_wconf 90' lang='lat' dir='ltr'>scimus,</span> <span class='ocrx_word' id='word_1_330' title='bbox 1092 3905 1158 3976; x_wconf 89' lang='lat' dir='ltr'>quia</span> <span class='ocrx_word' id='word_1_331' title='bbox 1174 3904 1203 3959; x_wconf 94' lang='lat' dir='ltr'>in</span> <span class='ocrx_word' id='word_1_332' title='bbox 1219 3912 1297 3960; x_wconf 87' lang='lat' dir='ltr'>ante-</span> 
     </span>
     <span class='ocr_line' id='line_1_36' title="bbox 239 4003 1299 4076; baseline -0.005 -12"><span class='ocrx_word' id='word_1_333' title='bbox 239 4007 313 4064; x_wconf 91' lang='lat' dir='ltr'>riore</span> <span class='ocrx_word' id='word_1_334' title='bbox 330 4007 429 4064; x_wconf 89' lang='lat' dir='ltr'>Edicto</span> <span class='ocrx_word' id='word_1_335' title='bbox 441 4005 560 4076; x_wconf 89' lang='lat' dir='ltr'>legitur:</span> <span class='ocrx_word' id='word_1_336' title='bbox 585 4004 642 4075; x_wconf 85' lang='lat' dir='ltr'>„Si</span> <span class='ocrx_word' id='word_1_337' title='bbox 652 4005 773 4062; x_wconf 82' lang='lat' dir='ltr'>cavallus</span> <span class='ocrx_word' id='word_1_338' title='bbox 787 4020 851 4060; x_wconf 94' lang='lat' dir='ltr'>cum</span> <span class='ocrx_word' id='word_1_339' title='bbox 862 4006 966 4060; x_wconf 90' lang='lat' dir='ltr'>calcem</span> <span class='ocrx_word' id='word_1_340' title='bbox 978 4005 1111 4059; x_wconf 86' lang='lat' dir='ltr'>damnum</span> <span class='ocrx_word' id='word_1_341' title='bbox 1123 4003 1229 4074; x_wconf 77' lang='lat' dir='ltr'>iecerit,</span> <span class='ocrx_word' id='word_1_342' title='bbox 1248 4005 1299 4060; x_wconf 94' lang='lat' dir='ltr'>do-</span> 
     </span>
     <span class='ocr_line' id='line_1_37' title="bbox 239 4102 1296 4177; baseline 0 -17"><span class='ocrx_word' id='word_1_343' title='bbox 239 4105 350 4175; x_wconf 90' lang='lat' dir='ltr'>„minus</span> <span class='ocrx_word' id='word_1_344' title='bbox 371 4104 431 4176; x_wconf 84' lang='lat' dir='ltr'>ejas</span> <span class='ocrx_word' id='word_1_345' title='bbox 452 4112 593 4177; x_wconf 90' lang='lat' dir='ltr'>conponat</span> <span class='ocrx_word' id='word_1_346' title='bbox 613 4106 705 4177; x_wconf 93' lang='lat' dir='ltr'>ipsum</span> <span class='ocrx_word' id='word_1_347' title='bbox 727 4106 898 4167; x_wconf 88' lang='lat' dir='ltr'>damnum“;</span> <span class='ocrx_word' id='word_1_348' title='bbox 930 4103 978 4158; x_wconf 91' lang='lat' dir='ltr'>sed</span> <span class='ocrx_word' id='word_1_349' title='bbox 1000 4102 1066 4174; x_wconf 93' lang='lat' dir='ltr'>quia</span> <span class='ocrx_word' id='word_1_350' title='bbox 1093 4104 1143 4158; x_wconf 90' lang='lat' dir='ltr'>iste</span> <span class='ocrx_word' id='word_1_351' title='bbox 1171 4104 1296 4160; x_wconf 91' lang='lat' dir='ltr'>caballus</span> 
     </span>
     <span class='ocr_line' id='line_1_38' title="bbox 238 4200 1295 4276; baseline 0.001 -18"><span class='ocrx_word' id='word_1_352' title='bbox 238 4201 385 4276; x_wconf 86' lang='lat' dir='ltr'>prestitum</span> <span class='ocrx_word' id='word_1_353' title='bbox 396 4202 458 4273; x_wconf 85' lang='lat' dir='ltr'>tuit,</span> <span class='ocrx_word' id='word_1_354' title='bbox 478 4210 506 4259; x_wconf 90' lang='lat' dir='ltr'>et</span> <span class='ocrx_word' id='word_1_355' title='bbox 518 4203 578 4276; x_wconf 86' lang='lat' dir='ltr'>ipsc</span> <span class='ocrx_word' id='word_1_356' title='bbox 589 4203 638 4276; x_wconf 92' lang='lat' dir='ltr'>qui</span> <span class='ocrx_word' id='word_1_357' title='bbox 650 4220 715 4260; x_wconf 89' lang='lat' dir='ltr'>eum</span> <span class='ocrx_word' id='word_1_358' title='bbox 726 4203 849 4274; x_wconf 87' lang='lat' dir='ltr'>suscepit</span> <span class='ocrx_word' id='word_1_359' title='bbox 857 4201 887 4258; x_wconf 93' lang='lat' dir='ltr'>in</span> <span class='ocrx_word' id='word_1_360' title='bbox 899 4200 1045 4273; x_wconf 89' lang='lat' dir='ltr'>prestitum</span> <span class='ocrx_word' id='word_1_361' title='bbox 1056 4201 1199 4258; x_wconf 88' lang='lat' dir='ltr'>rationalis</span> <span class='ocrx_word' id='word_1_362' title='bbox 1211 4202 1295 4259; x_wconf 85' lang='lat' dir='ltr'>homo</span> 
     </span>
     <span class='ocr_line' id='line_1_39' title="bbox 238 4298 1295 4374; baseline 0.001 -18"><span class='ocrx_word' id='word_1_363' title='bbox 238 4302 301 4371; x_wconf 86' lang='lat' dir='ltr'>luit,</span> <span class='ocrx_word' id='word_1_364' title='bbox 315 4309 344 4356; x_wconf 86' lang='lat' dir='ltr'>et</span> <span class='ocrx_word' id='word_1_365' title='bbox 353 4301 444 4374; x_wconf 91' lang='lat' dir='ltr'>potuit</span> <span class='ocrx_word' id='word_1_366' title='bbox 458 4303 562 4370; x_wconf 89' lang='lat' dir='ltr'>dicere,</span> <span class='ocrx_word' id='word_1_367' title='bbox 576 4303 598 4358; x_wconf 91' lang='lat' dir='ltr'>si</span> <span class='ocrx_word' id='word_1_368' title='bbox 609 4301 759 4359; x_wconf 87' lang='lat' dir='ltr'>neclictum</span> <span class='ocrx_word' id='word_1_369' title='bbox 770 4318 826 4357; x_wconf 94' lang='lat' dir='ltr'>non</span> <span class='ocrx_word' id='word_1_370' title='bbox 844 4298 989 4365; x_wconf 88' lang='lat' dir='ltr'>habuissit,</span> <span class='ocrx_word' id='word_1_371' title='bbox 1008 4299 1044 4356; x_wconf 86' lang='lat' dir='ltr'>ad</span> <span class='ocrx_word' id='word_1_372' title='bbox 1055 4300 1148 4372; x_wconf 89' lang='lat' dir='ltr'>ipsum</span> <span class='ocrx_word' id='word_1_373' title='bbox 1161 4300 1295 4358; x_wconf 78' lang='lat' dir='ltr'>infantem</span> 
     </span>
     <span class='ocr_line' id='line_1_40' title="bbox 239 4397 1295 4472; baseline 0.002 -17"><span class='ocrx_word' id='word_1_374' title='bbox 239 4406 271 4455; x_wconf 89' lang='lat' dir='ltr'>ut</span> <span class='ocrx_word' id='word_1_375' title='bbox 290 4415 320 4456; x_wconf 89' lang='lat' dir='ltr'>sc</span> <span class='ocrx_word' id='word_1_376' title='bbox 341 4400 508 4470; x_wconf 88' lang='lat' dir='ltr'>custodiret,</span> <span class='ocrx_word' id='word_1_377' title='bbox 537 4405 567 4454; x_wconf 94' lang='lat' dir='ltr'>ut</span> <span class='ocrx_word' id='word_1_378' title='bbox 587 4401 641 4456; x_wconf 87' lang='lat' dir='ltr'>hoc</span> <span class='ocrx_word' id='word_1_379' title='bbox 661 4400 766 4456; x_wconf 90' lang='lat' dir='ltr'>malum</span> <span class='ocrx_word' id='word_1_380' title='bbox 787 4415 845 4455; x_wconf 92' lang='lat' dir='ltr'>non</span> <span class='ocrx_word' id='word_1_381' title='bbox 866 4397 1040 4471; x_wconf 84' lang='lat' dir='ltr'>proveniret3</span> <span class='ocrx_word' id='word_1_382' title='bbox 1076 4398 1216 4472; x_wconf 88' lang='lat' dir='ltr'>ideoquae</span> <span class='ocrx_word' id='word_1_383' title='bbox 1244 4416 1295 4472; x_wconf 89' lang='lat' dir='ltr'>pro</span> 
     </span>
     <span class='ocr_line' id='line_1_41' title="bbox 240 4495 1295 4572; baseline 0.002 -17"><span class='ocrx_word' id='word_1_384' title='bbox 240 4497 330 4572; x_wconf 86' lang='lat' dir='ltr'>ipsam</span> <span class='ocrx_word' id='word_1_385' title='bbox 341 4499 544 4571; x_wconf 75' lang='lat' dir='ltr'>neclegentiam</span> <span class='ocrx_word' id='word_1_386' title='bbox 558 4497 618 4572; x_wconf 84' lang='lat' dir='ltr'>ejus</span> <span class='ocrx_word' id='word_1_387' title='bbox 632 4497 753 4557; x_wconf 77' lang='lat' dir='ltr'>disisam</span> <span class='ocrx_word' id='word_1_388' title='bbox 770 4504 800 4555; x_wconf 88' lang='lat' dir='ltr'>ut</span> <span class='ocrx_word' id='word_1_389' title='bbox 812 4495 920 4556; x_wconf 88' lang='lat' dir='ltr'>tertiam</span> <span class='ocrx_word' id='word_1_390' title='bbox 935 4503 1041 4570; x_wconf 84' lang='lat' dir='ltr'>partem</span> <span class='ocrx_word' id='word_1_391' title='bbox 1051 4495 1133 4571; x_wconf 90' lang='lat' dir='ltr'>pretii</span> <span class='ocrx_word' id='word_1_392' title='bbox 1145 4507 1295 4572; x_wconf 88' lang='lat' dir='ltr'>conponat.</span> 
     </span>
    </p>
   </div>
   <div class='ocr_carea' id='block_1_3' title="bbox 0 0 1521 5144">
    <p class='ocr_par' dir='ltr' id='par_1_5' title="bbox 0 0 1521 5144">
     <span class='ocr_line' id='line_1_42' title="bbox 0 0 1521 5144; baseline 0 0"><span class='ocrx_word' id='word_1_393' title='bbox 0 0 1521 5144; x_wconf 95' lang='lat' dir='ltr'> </span> 
     </span>
    </p>
   </div>
  </div>
 </body>
</html>
