3048 5130
531 542 669 586 norcrun
691 541 757 589 ear.
778 534 918 582 aut-ars.
1233 521 1276 583 53

220 690 375 746 evellantur
394 697 422 748 et
439 691 597 762 jactentur:
621 697 731 764 etpost
752 690 841 763 ipsam
862 689 1074 762 inquisitionem
1101 691 1197 748 tendat
1217 707 1276 747 ma·

220 803 287 844 num
308 788 368 860 ipse
390 789 519 862 camphio
544 789 572 845 in
594 805 710 846 manum
731 789 854 861 parentis
876 795 924 844 aut
944 788 1122 858 conlibertis,
1146 793 1194 844 aut
1211 793 1276 844 ante

216 885 340 957 judicem
361 888 530 944 satisfaciens
551 889 634 957 dicat,
658 888 736 961 quod
757 888 863 943 nullam
884 888 967 942 talem
987 903 1046 942 rem
1066 887 1143 959 quod
1164 887 1200 942 ad
1219 902 1277 942 ma·

218 984 337 1041 leticiam
358 986 472 1058 pertinit
492 1002 577 1059 super
596 1004 625 1044 se
647 987 764 1052 lrabeat;
789 992 855 1042 tunc
875 984 956 1042 radat
976 985 1012 1041 ad
1029 965 1183 1042 certamen.

298 1084 389 1142 aue.
412 1083 464 1156 (De
484 1102 579 1142 cuorus
593 1081 716 1158 regales.)
739 1083 845 1140 Omnes
863 1099 928 1139 vero
946 1083 1053 1153 regales
1071 1099 1179 1152 causas,
1202 1100 1276 1156 quac

218 1181 253 1237 ad
279 1197 393 1237 manum
423 1183 495 1252 regis
520 1188 710 1254 perteneunt,
745 1181 820 1238 unde
852 1180 1010 1252 conpositio
1041 1187 1203 1254 expectatur
1228 1189 1277 1238 aut

217 1280 298 1352 culpa
326 1281 470 1353 queritur,
503 1280 662 1352 duplicetur
691 1280 847 1336 secundum
880 1277 1025 1350 antiquam
1055 1278 1275 1338 consuitutinem

217 1377 390 1449 conpositio,
419 1385 534 1450 excepto
556 1378 673 1440 mundio
695 1377 730 1433 de
757 1376 902 1442 molieris,
930 1382 980 1432 aut
1005 1377 1102 1447 morh,
1132 1384 1181 1434 aut
1207 1379 1275 1435 alias

217 1490 273 1547 que
293 1476 398 1532 semilis
419 1484 499 1540 sunt,
534 1477 608 1532 unde
636 1475 804 1545 noningenti
826 1476 915 1531 soledi
934 1476 1117 1548 judicantur,
1147 1491 1217 1548 quas
1244 1476 1274 1532 iu

216 1589 298 1630 soum
323 1574 447 1644 vigorem
477 1575 672 1630 constituimus
699 1589 881 1647 permanere;
914 1573 1036 1646 reliquas
1068 1590 1134 1629 vero
1164 1589 1273 1642 omues,

195 1680 197 1685 ’
218 1677 248 1728 ut
268 1671 457 1744 predixemus,
481 1672 510 1728 in
533 1673 671 1729 dubblom
692 1677 856 1742 erogantur.

296 1771 383 1828 810.
405 1770 435 1826 Si
456 1785 550 1826 servus
572 1769 632 1839 regi
654 1769 734 1825 morlr
757 1769 863 1835 iecerit,
887 1768 925 1826 ita
946 1767 1130 1836 decrevimus,
1155 1773 1186 1824 ut
1205 1783 1274 1823 con·

150 1918 158 1933 ,
217 1875 337 1938 ponatur
358 1867 418 1939 ipsa
439 1883 558 1940 persona
585 1867 658 1926 sicut
678 1867 866 1939 adpraetiatus
897 1867 999 1936 tuerit,
1033 1873 1062 1922 et
1090 1880 1185 1925 servus
1214 1864 1274 1938 ipse

215 1979 301 2037 super
329 1965 431 2022 fossam
455 1965 542 2037 ipsius
562 1965 665 2021 mortui
686 1965 863 2037 adpendatur
889 1971 917 2020 et
944 1965 974 2022 in
996 1979 1062 2021 cum
1082 1962 1205 2019 vindicta
1225 1963 1275 2020 de·

217 2068 272 2131 tur,
295 2070 322 2118 et
343 2063 378 2118 sit
399 2080 482 2119 causa
503 2063 590 2123 finita.
1111 2116 1113 2120 .
1162 2063 1168 2076 '

296 2162 374 2220 811.
417 2162 457 2218 De
475 2161 542 2218 alias
562 2179 627 2218 vero
645 2177 742 2218 causas
763 2161 838 2218 unde
859 2159 939 2218 liberi
961 2166 1010 2217 aut
1029 2158 1100 2216 servi
1117 2159 1275 2216 alienorum

216 2257 364 2315 hominum
387 2260 576 2330 noningentos
593 2260 698 2316 solidos
720 2260 793 2316 fiunt
806 2259 968 2332 culparetis,
992 2259 1021 2314 id
1043 2263 1084 2314 est
1105 2258 1140 2313 de
1156 2257 1274 2317 muliere

217 2356 303 2413 libera
324 2356 347 2412 si
370 2357 411 2414 ria
424 2358 595 2414 antesteterit
615 2365 663 2414 aut
679 2358 811 2430 injuriam
829 2357 935 2422 iecerit,
958 2372 1007 2412 seu
1030 2356 1065 2411 de
1082 2355 1174 2428 gregis
1189 2371 1275 2428 equa-

216 2471 278 2510 rum
298 2461 345 2510 aut
366 2471 516 2526 porcorum
538 2455 717 2528 pigneratos,
750 2456 793 2512 vel
814 2455 935 2528 reliquas
964 2470 1036 2527 quae
1057 2454 1168 2510 semelis
1197 2459 1272 2522 sunt,

218 2553 293 2607 unde
314 2562 341 2608 et
361 2554 459 2625 prelati
480 2570 576 2609 sumus
598 2554 733 2624 nongenti
755 2553 838 2610 solidi
860 2560 1032 2626 queruntur,
1057 2552 1091 2608 de
1113 2569 1169 2625 qua
1190 2568 1275 2625 supra

217 2651 245 2707 in
267 2651 319 2707 hoc
341 2652 471 2708 Edictum
492 2651 706 2722 constituimus,
729 2668 824 2708 servus
844 2639 904 2722 regi
925 2651 947 2707 si
970 2650 1086 2720 iecerit,
1110 2649 1202 2706 anime
1224 2667 1274 2707 sue

216 2749 340 2806 incurrat
355 2750 523 2822 periculum,
539 2758 566 2806 et
582 2768 671 2807 occec
682 2751 765 2808 solidi
778 2768 835 2807 non
845 2750 1004 2824 requiratur
1019 2750 1054 2806 ad
1065 2755 1173 2806 curtem
1191 2749 1273 2820 regis.

295 2850 378 2907 818.
421 2849 450 2904 Si
471 2866 566 2904 servus
587 2849 646 2920 regi
668 2849 772 2905 lurtum
793 2849 900 2919 iecerit,
923 2847 1023 2906 reddat
1044 2847 1072 2902 in
1089 2846 1222 2918 aetogild,
1247 2852 1275 2903 et

217 2963 274 3002 non
296 2946 331 3001 sit
352 2947 456 3018 figang.

296 3048 379 3105 818.
421 3047 450 3104 Si
473 3063 568 3104 servus
583 3047 642 3118 regi
663 3047 796 3115 hoberus,
819 3053 868 3104 aut
884 3062 1007 3116 uacuor,
1026 3060 1075 3100 seu
1094 3041 1272 3106 marahuori,

215 3150 262 3200 aut
293 3144 413 3216 qualibit
438 3145 491 3202 alia
522 3146 605 3217 culpa
635 3146 774 3202 minorem
804 3143 915 3212 iecerit,
946 3144 983 3200 ita
1005 3147 1169 3214 conponat,
1203 3139 1276 3196 sicut

218 3241 338 3298 aliorum
361 3243 552 3300 exercitalium
573 3260 645 3315 quae
667 3260 750 3316 supra
771 3243 882 3298 decreta
903 3248 969 3296 sunt
990 3245 1198 3313 conponuntur.

296 3342 379 3398 814.
403 3340 454 3397 ‘Do
473 3339 631 3412 sculdahis)
675 3341 704 3396 si
735 3340 798 3413 quis
825 3339 967 3395 sculdahis
988 3317 1036 3395 aul
1056 3342 1178 3394 actorem
1201 3335 1275 3406 regis

217 3438 345 3494 occiserit
366 3439 512 3496 utilitatem
538 3440 612 3512 regis
639 3441 806 3508 facientem,
841 3438 1013 3510 adpretietur
1033 3453 1085 3511 pro
1113 3436 1202 3492 libero
1224 3436 1275 3490 ho-

216 3535 337 3606 minem,
369 3538 440 3593 sicut
459 3537 488 3592 in
510 3537 564 3593 hoc
585 3539 717 3594 Edictum
737 3536 854 3606 legitor,
890 3543 917 3591 et
942 3533 1105 3609 parentibus
1137 3532 1275 3604 legetimis

217 3641 408 3708 conponatur,
437 3642 552 3707 excepto
586 3636 613 3690 in
647 3642 756 3690 curtem
782 3634 856 3705 regis
878 3640 1020 3707 conponat
1041 3632 1091 3706 qui
1113 3649 1179 3688 eum
1201 3631 1280 3688 occi-⁸

217 3727 415 3789 derit'sotidos
436 3739 595 3803 octogenta.
627 3734 663 3788 Et
684 3732 706 3788 si
729 3733 852 3789 battutus
875 3732 958 3787 suerit
979 3739 1027 3787 aut
1047 3732 1175 3801 legatos,
1198 3729 1274 3785 simi·

163 3835 166 3844 '
216 3831 280 3886 liter
300 3837 476 3903 conponatur
504 3847 554 3902 pro
576 3831 697 3887 liberum
718 3832 863 3887 hominem
884 3837 932 3886 aut
953 3830 1109 3886 secondum
1131 3827 1275 3883 nationem

217 3946 307 3994 suam,
331 3929 402 3985 sicut
422 3929 450 3984 in
473 3930 525 3984 hoc
547 3930 677 3986 Edictum
699 3931 872 3986 consitutum
893 3935 953 3991 ests
977 3934 1094 4001 excepto
1114 3924 1144 3980 in
1166 3932 1274 3982 curtem

218 4028 292 4100 regis
314 4043 364 4100 pro
386 4028 468 4100 culpa
490 4027 595 4083 solidos
618 4034 776 4099 octogenta.

297 4123 380 4184 815.
423 4125 451 4182 Si
474 4127 625 4196 gastaldius
656 4133 704 4183 aut
726 4126 898 4200 quicumque
919 4132 997 4181 actor
1022 4123 1111 4194 regis,
1142 4127 1205 4195 post
1230 4135 1276 4177 su·

217 4230 310 4296 scepta
327 4231 375 4279 aut
389 4224 521 4280 comissas
533 4225 567 4281 ad
586 4226 799 4296 gubernandum
821 4225 906 4281 curtis
926 4224 1000 4295 regis
1021 4229 1048 4278 et
1061 4238 1157 4278 causas
1172 4220 1273 4290 regias,

217 4324 240 4378 si
261 4321 361 4395 aliquit
382 4337 432 4393 per
453 4323 625 4394 gairethinx,
655 4322 685 4379 id
706 4329 747 4380 est
768 4323 968 4391 donatiouem,
1000 4321 1034 4377 ab
1056 4319 1110 4376 alio
1132 4335 1275 4392 quemque

217 4420 317 4476 iactam
339 4420 546 4492 conquesierit,
570 4421 604 4477 sit
624 4421 666 4478 illi
688 4422 816 4478 stabilem
837 4421 858 4478 si
880 4437 931 4495 per
950 4419 1161 4493 preceptionem
1182 4417 1278 4474 indul·

217 4517 328 4589 gantiae
348 4517 422 4588 regis
442 4516 472 4572 in
493 4535 559 4576 eum
579 4519 663 4578 luerit
683 4521 894 4588 confirmatum
923 4518 1050 4593 alioquin
1071 4516 1223 4593 quidquid,
1246 4521 1278 4577 ui
