3048 5130
557 508 695 559 sorururr
716 509 784 556 car.
799 505 838 550 aaa
853 506 942 552 -rau
1235 494 1277 560 li

219 663 250 714 ut
268 655 424 716 mediocres
444 657 540 732 spada.
584 658 654 718 uam
674 658 698 718 si
718 665 781 733 post
800 659 891 733 ipsum
907 661 1051 735 jactaverit
1071 669 1100 720 et
1120 678 1184 720 eum
1205 663 1279 722 occi·

218 754 301 823 derit,
325 757 424 814 reddat
443 757 612 832 ferquidem,
635 758 664 816 id
686 766 728 816 est
749 758 886 816 semilem.

298 858 382 916 881.
425 856 455 913 Si
487 856 550 930 quis
578 873 677 916 canem
703 855 826 914 alienum
853 861 965 914 nucum
994 863 1042 914 aut
1067 857 1096 914 io
1125 857 1200 916 diem
1230 858 1278 916 da-

218 967 316 1012 mnum
332 953 480 1012 facientem
501 954 530 1012 io
552 969 643 1012 casam
663 971 741 1013 suam
762 954 919 1034 invenerit„
932 955 956 1012 si
976 971 1040 1012 eum
1053 956 1196 1023 occiderit,
1219 973 1278 1016 uun

218 1052 393 1126 aequumun
415 1060 445 1111 et
463 1053 486 1111 si
509 1053 615 1110 occisus
633 1069 690 1111 non
708 1053 801 1119 suant,
824 1053 957 1111 damnum
974 1052 1050 1126 quoa
1069 1053 1167 1112 lecerit
1188 1055 1278 1122 domi-

218 1167 271 1209 uus
292 1152 351 1226 ejus
372 1152 479 1213 reddat.

297 1253 385 1309 888.
407 1248 460 1326 (De
478 1267 562 1308 nuceo
578 1247 774 1322 pripnontem)
803 1247 831 1304 Si
854 1247 916 1321 quis
936 1250 1100 1322 percusserit
1120 1267 1200 1308 vacca
1223 1250 1279 1325 pri-

218 1355 361 1418 gasatein,
384 1354 412 1405 et
432 1348 617 1414 abortaverit,
643 1353 785 1420 conponat
814 1346 938 1404 tremisse
959 1363 1033 1412 uuo;
1061 1353 1089 1404 et
1118 1348 1140 1404 si
1169 1355 1276 1406 mortua

217 1445 310 1514 luerit,
333 1447 431 1502 reddat
451 1461 513 1502 eam
533 1445 652 1519 qualiter
672 1443 823 1517 adpretiata
846 1444 937 1509 tuerit,
961 1444 1043 1500 simul
1065 1451 1094 1500 et
1114 1461 1208 1518 pecua.

298 1545 386 1601 888.
407 1543 462 1613 (Da
482 1559 551 1614 epac
576 1539 743 1615 pmmmntc.)
784 1539 814 1596 Si
841 1541 903 1613 quis
928 1543 1094 1614 percusserit
1120 1560 1191 1616 equa
1221 1543 1277 1617 pri-

218 1648 321 1710 gnante
341 1648 370 1697 et
386 1641 513 1698 abortum
528 1639 635 1710 iecerit,
658 1645 801 1712 conponat
814 1639 935 1697 solidum
950 1655 1054 1706 unum3
1076 1647 1104 1696 et
1123 1641 1146 1699 si
1168 1649 1276 1700 mortua

218 1736 311 1806 inerit,
334 1737 412 1795 radat
432 1754 505 1806 eam,
526 1739 607 1794 simol
629 1745 657 1794 et
676 1753 782 1811 pecus„

296 1837 384 1894 884.
405 1833 461 1908 (Da
480 1837 581 1893 ιισίιιι
598 1833 768 1908 ρνιφιιιιι.)
811 1833 840 1890 Si
868 1832 930 1908 quis
958 1835 1125 1906 percusserit
1144 1837 1276 1896 ancillam

217 1932 358 2004 gravidam
371 1940 400 1990 et
413 1940 538 1992 avortum
549 1934 655 2000 iecerit,
668 1939 811 2007 conponat
820 1933 925 1990 solidos
940 1939 1011 2000 tres;
1030 1933 1053 1990 si
1064 1940 1156 1991 autem
1167 1952 1201 1992 ex
1216 1935 1276 2008 ipsa

219 2046 382 2102 percussura
403 2038 511 2088 mortua
532 2031 624 2099 inerit,
647 2038 790 2106 conponat
805 2047 878 2097 eam,
900 2030 983 2090 simol
1003 2038 1031 2088 et
1051 2031 1127 2106 quod
1148 2032 1177 2089 iu
1195 2040 1275 2090 utero

218 2127 277 2201 ejus
298 2136 424 2186 mortuus
444 2136 495 2187 est.

295 2226 384 2285 886.
406 2224 459 2301 (Da
478 2229 597 2284 animula
619 2226 775 2300 cucumula.)
819 2227 849 2285 Si
872 2229 954 2300 lupus
981 2226 1130 2295 animalem
1154 2227 1276 2286 alienum

216 2322 359 2394 occiderit,
382 2331 412 2380 et
431 2322 531 2399 aliquis
551 2339 614 2380 euro
635 2325 776 2382 nesciente
797 2324 912 2382 domino
935 2325 1133 2395 excoriaverit,
1155 2333 1184 2383 et
1203 2327 1276 2384 cela·

217 2421 296 2490 verit,
313 2428 341 2478 et
350 2438 400 2495 per
410 2422 733 2495 proditoreminveotum
744 2422 836 2487 luerit,
845 2430 987 2495 conponat
999 2423 1104 2480 solidos
1114 2424 1271 2484 duodicem.

297 2521 388 2578 atu.
426 2520 455 2577 Si
476 2520 506 2577 in
528 2521 632 2578 llumeo
647 2520 749 2577 animal
765 2526 906 2577 mortuum
926 2521 1009 2578 luerit
1028 2527 1075 2578 aut
1094 2520 1274 2594 ubicumque,

217 2621 245 2672 et
271 2617 357 2674 alium
385 2617 528 2676 hominem
557 2618 634 2691 cujus
664 2635 720 2674 non
748 2618 800 2676 luit
819 2634 884 2675 eum
904 2619 1100 2689 emanaverit,
1133 2625 1276 2692 conponat

217 2714 321 2772 solidus
342 2731 391 2774 ru.

296 2813 381 2872 888.
404 2812 456 2886 (De
477 2814 580 2870 euacua
599 2809 734 2886 plupoto.)
775 2812 805 2870 si
835 2812 899 2886 quis
924 2812 1058 2870 cavallum
1084 2812 1206 2870 alienum
1227 2830 1276 2872 au-

218 2925 275 2966 ram
299 2919 346 2968 aut
367 2911 478 2970 oculum
499 2909 649 2968 excusserit
669 2916 716 2968 aut
736 2909 857 2984 aliquam
872 2910 1009 2968 lesionem
1026 2911 1150 2983 corporis
1166 2912 1273 2982 iecerit,

217 3009 339 3080 accepiet
365 3009 456 3082 ipsum
482 3009 530 3082 qui
559 3010 632 3068 lesus
654 3008 740 3066 iactus
760 3016 819 3075 eat,
857 3014 885 3066 et
912 3008 1010 3066 reddat
1029 3007 1055 3064 ei
1082 3008 1221 3082 terquino,
1244 3009 1273 3068 id

218 3113 260 3160 est
279 3106 416 3164 semilem.

297 3205 384 3262 888.
412 3200 466 3278 (ue
492 3206 560 3260 codo
579 3200 698 3276 coculi.)
740 3201 770 3258 Si
796 3202 859 3276 quis
889 3203 1023 3260 cavallum
1049 3199 1171 3258 alienum
1202 3202 1272 3260 coda

217 3303 413 3374 supputaverit,
433 3300 464 3356 id
484 3307 526 3358 est
546 3306 604 3356 seta
625 3306 743 3365 tantm,
766 3306 909 3374 conponat
928 3299 1034 3358 solidus
1054 3315 1112 3356 ser.

293 3401 389 3457 889.
431 3397 460 3455 Si
492 3398 554 3471 quis
580 3398 718 3454 caballum
743 3397 866 3455 alienum
885 3397 1038 3470 plagaverit
1054 3403 1102 3455 aut
1121 3395 1213 3470 aliqua
1234 3399 1273 3454 le-

217 3496 324 3552 sionem
345 3495 450 3566 iecerit,
473 3501 540 3552 tanc
559 3495 689 3553 dominos
708 3494 783 3552 illius
795 3495 892 3553 cavalli
904 3493 1024 3554 retrudat
1037 3495 1172 3554 cavallum
1182 3495 1272 3568 ipsum

218 3592 257 3648 illi
274 3593 386 3650 homeni
408 3592 456 3665 qui
477 3594 503 3650 ei
515 3593 651 3650 lesionem
664 3593 739 3664 lecit,
763 3599 791 3650 et
810 3593 870 3666 ipse
885 3610 948 3651 eum
969 3592 1057 3660 sanit3
1079 3593 1193 3650 etdum
1211 3592 1274 3665 ipso

217 3706 315 3748 sanare
335 3690 466 3764 potuerit,
489 3690 531 3748 dit
549 3690 591 3748 illi
612 3705 662 3748 suo
675 3691 790 3764 proprio
811 3692 926 3760 cavallo,
949 3690 1068 3764 qualiter
1088 3705 1174 3762 usqua
1194 3705 1272 3746 suam

217 3787 298 3846 iaciat
318 3788 473 3847 utilitatem.
515 3788 552 3845 Et
578 3788 600 3845 si
622 3789 742 3846 cavallus
763 3788 811 3862 qui
831 3790 904 3846 lesus
924 3787 982 3844 luet
1001 3787 1036 3846 ad
1057 3787 1201 3861 pristinam
1228 3804 1272 3846 re-

217 3886 301 3943 dierit
320 3885 476 3952 sanitatem,
498 3885 599 3944 reddat
614 3886 706 3960 ipsum
723 3887 838 3960 proprio
853 3885 985 3954 domino,·
1007 3885 1031 3943 si
1046 3892 1137 3943 autem
1158 3901 1192 3942 ex
1212 3885 1272 3959 ipsa

216 3984 354 4040 lesionem
374 3989 499 4040 mortuos
520 3982 613 4055 luerit,
636 3983 735 4042 reddat
755 3983 839 4042 alium
860 3982 994 4042 semilem.
1022 3983 1099 4040 Etsi
1121 3983 1275 4058 contugerit

214 4090 245 4140 ut
271 4081 331 4156 ipse
351 4082 470 4139 cavallus
499 4081 548 4156 qui
572 4082 734 4156 pigneratus
764 4089 806 4140 est
832 4088 896 4155 pust
914 4083 1005 4155 ipsum
1026 4081 1176 4153 moriatur,
1204 4088 1271 4140 tunc

216 4177 363 4236 sanstaciat
389 4177 437 4237 ille
465 4179 514 4252 qui
544 4196 608 4238 eum
629 4179 805 4253 pigneratum
834 4179 950 4247 mont,
982 4179 1005 4238 si
1032 4179 1156 4253 pulsatus
1176 4179 1268 4246 inerit,

217 4276 281 4349 quin
293 4291 350 4331 non
362 4290 412 4347 per
425 4275 500 4334 illius
510 4278 638 4348 neglecto
649 4284 774 4335 mortuus
791 4277 867 4346 luet3
888 4285 985 4353 postea
996 4277 1074 4336 uuila
1088 4278 1125 4336 sit
1132 4276 1271 4351 repetitio.

295 4374 387 4432 840.
429 4372 544 4447 Siquis
565 4376 700 4434 cavallum
721 4376 844 4434 alienum
869 4375 1047 4447 ascenderit,
1076 4381 1104 4432 et
1132 4374 1204 4434 inira
1231 4374 1272 4434 vi·

217 4468 290 4528 einia
310 4475 417 4528 tautum
437 4471 647 4546 cavalepaverit,
669 4472 700 4532 id
720 4477 762 4531 est
781 4487 870 4548 prope
890 4471 982 4548 ipsum
1002 4473 1109 4546 sicum,
1131 4475 1273 4548 conponat
