3048 5130
548 545 687 591 nurcrmr
709 545 774 594 can,
791 541 832 586 ns
883 543 931 587 ass.
1230 531 1273 593 37

216 711 300 769 quam
321 696 433 754 tertium
454 713 519 754 cum
541 695 706 768 pulsaverit,
734 694 838 768 pignus
859 696 937 769 quod
958 702 1021 754 onte
1042 697 1274 756 contestationem

216 795 278 850 tolit
293 795 346 851 sihi
368 811 476 851 nonum
497 795 623 851 relormit
643 794 671 850 in
694 799 858 868 potestatem
880 794 996 854 domini.

295 894 377 950 24⁸2·
419 892 493 949 Nulli
514 892 596 950 leciat
616 892 671 949 alio
693 907 744 964 pro
766 892 820 948 alio
838 892 996 965 pignerare,
1019 897 1135 965 excepto
1156 891 1205 950 illo
1222 893 1272 966 qui

215 990 296 1060 gaian
317 1007 378 1047 esse
398 991 557 1060 invenitur,
593 990 621 1045 id
642 995 683 1046 est
703 989 815 1046 heredis
835 1007 936 1063 parens
957 989 1130 1064 proximior,
1159 990 1209 1063 qvtl
1231 983 1272 1048 illi

215 1088 251 1146 ad
272 1089 463 1158 hereditatem,
486 1089 508 1145 si
530 1105 610 1145 casus
631 1087 763 1158 evenerit,
786 1094 919 1145 venturus
940 1093 990 1148 est.

294 1190 381 1245 ΜΘ.
424 1188 453 1244 si
485 1187 548 1260 quis
579 1202 742 1259 pererrare
773 1186 828 1243 alio
859 1203 910 1259 pro
939 1187 994 1244 alio
1015 1184 1201 1258 pigneraverit
1214 1191 1273 1259 'p'er

214 1301 324 1342 servum
345 1292 394 1342 ant
413 1285 553 1356 ancillam,
578 1286 615 1341 ita
629 1284 810 1354 dicernimus,
835 1292 865 1341 ut
881 1291 1029 1357 postquam
1045 1283 1178 1355 cognovit
1193 1283 1272 1356 quod

215 1385 285 1440 male
307 1384 471 1456 pigneravit,
494 1400 560 1441 mon
582 1383 673 1456 ipsum
692 1383 810 1464 pignum
823 1382 930 1441 relaxit.
953 1383 989 1438 Et
1009 1383 1031 1438 si
1048 1367 1176 1455 pulsatus
1188 1380 1273 1438 inerit

214 1481 365 1538 adomino
387 1483 474 1551 servi,
507 1486 574 1538 tuno
600 1487 711 1554 preveat
738 1486 944 1550 sagramentum
973 1480 1039 1552 quia
1071 1494 1121 1552 per
1146 1485 1270 1537 errorem

212 1579 286 1649 iecit,
311 1597 374 1636 nam
396 1597 453 1635 non
475 1585 550 1656 asto,
574 1586 603 1634 et
623 1577 747 1635 crededit
767 1577 921 1636 devitorem
941 1593 1023 1636 suum
1045 1576 1221 1651 pignerassit,
1244 1584 1272 1634 ct

211 1683 278 1733 tunc
308 1679 343 1733 sit
362 1677 512 1736 indemnis.
555 1677 625 1734 Nam
654 1675 677 1732 si
707 1674 802 1748 plagas
830 1681 879 1730 aut
898 1674 991 1731 soritas
1012 1675 1109 1732 iecerit
1128 1673 1157 1729 in
1178 1673 1271 1746 ipsum

211 1775 324 1848 pignus,
348 1782 491 1850 conponat
512 1775 585 1831 sieut
604 1774 633 1830 in
656 1775 709 1830 hoc
726 1773 857 1830 Edictum
878 1772 989 1843 legitur.
1005 1773 1047 1829 ¹lit
1065 1773 1089 1829 si
1110 1783 1270 1830 sacramen-

210 1879 269 1930 tum
291 1874 356 1931 dare
379 1891 435 1930 non
457 1873 656 1947 presumpserit
677 1872 754 1945 quod
775 1888 826 1943 per
846 1887 940 1928 errore
961 1870 1143 1944 pignerassit,
1171 1869 1271 1926 reddat

209 1971 301 2045 ipsum
321 1973 438 2046 pignum
460 1971 489 2028 in
512 1971 643 2042 actogild.
1199 1977 1201 1982 ’

289 2074 378 2130 249.
395 2053 456 2143 ¹(Ile
475 2088 566 2143 greges
588 2085 736 2140 aequorum
762 2085 809 2125 seo
825 2065 990 2140 porcorum.)
1033 2065 1063 2123 Si
1092 2063 1155 2138 quis
1176 2066 1268 2137 gregis

210 2175 362 2242 aequarum
390 2187 438 2226 seu
470 2184 621 2242 porcorum
647 2166 707 2222 sine
730 2166 887 2238 jussionem
915 2165 988 2237 regis
1008 2162 1132 2238 pigneris
1154 2165 1268 2221 n'om'irie

124 2338 127 2343 Ι
209 2268 370 2337 abstulerit,
403 2268 450 2324 ille
472 2268 549 2340 prior
570 2271 618 2322 aut
638 2264 783 2334 moriatur,
806 2271 854 2319 aut
876 2269 1018 2336 conponat
1038 2262 1142 2320 solidos
1156 2267 1265 2334 ‘nedem

207 2365 386 2422 medietatem
407 2366 497 2436 regis,
526 2371 554 2420 et
579 2361 757 2419 medictatem
788 2360 833 2418 cui
859 2361 963 2434 pignus
988 2359 1147 2418 abstolerit:
1170 2361 1268 2434 etqui

208 2480 272 2520 cum
295 2469 358 2520 cum
381 2465 507 2530 luerent,
531 2463 554 2520 si
575 2469 666 2519 tamen
690 2461 769 2517 liberi
791 2468 876 2530 sunt,
907 2461 1103 2534 unusquisque
1125 2464 1268 2532 conponat

208 2543 313 2618 solidos
334 2568 494 2634 octogenta,
518 2560 695 2618 medietatem
717 2559 787 2629 regi,
810 2565 838 2614 et
862 2558 1038 2616 medietatem
1059 2575 1145 2632 quem
1168 2559 1268 2631 pigne-

208 2637 318 2725 raverit,
343 2667 485 2731 utsupra.
514 2659 593 2715 Etsi
615 2657 686 2714 servi
708 2657 855 2714 dominnm
876 2672 959 2713 suum
979 2656 1066 2713 secuti
1084 2656 1213 2727 'iuerent,
1236 2645 1266 2712 ih

208 2757 401 2829 conpositione
423 2757 529 2813 domini
551 2761 711 2829 repetetur;
743 2755 826 2826 culpa
847 2753 923 2811 enim
944 2753 1075 2812 dominus
1096 2753 1178 2823 iecit,
1200 2759 1266 2814 nam

208 2868 263 2911 non
285 2870 379 2911 servus
400 2855 449 2928 qui
470 2854 617 2911 dominum
637 2869 720 2911 suum
741 2859 853 2909 secutus
874 2858 924 2909 est.
1121 2849 1122 2852 ’

286 2953 378 3010 25⁰.
420 2953 449 3008 si
471 2952 534 3026 quis
556 2953 674 3009 cavallos
695 2951 817 3008 domitos
844 2956 891 3006 aut
911 2949 995 3006 hoves
1016 2965 1065 3006 seu
1086 2965 1182 3006 vaccas
1198 2948 1265 3022 'joco

207 3050 325 3107 domitas
346 3051 532 3123 pigneraverit
552 3052 612 3106 sine
629 3049 785 3122 jussionem
806 3048 890 3119 regis,
913 3047 966 3105 sihi
988 3063 1096 3116 nonum
1117 3047 1194 3106 redo.
1225 3051 1245 3061 ''

270 3165 372 3224 *eun
415 3165 445 3222 si
466 3168 550 3224 homo
568 3167 639 3223 liber
655 3165 704 3240 qui
723 3165 834 3223 debitor
854 3171 895 3222 cst
908 3165 975 3222 alias
987 3180 1031 3221 res
1049 3181 1106 3219 non
1123 3159 1262 3230 habuerit,

206 3263 259 3321 nisi
280 3265 398 3320 cavallos
420 3264 542 3324 domitus
563 3273 611 3321 aut
631 3265 715 3321 boves
732 3263 890 3336 junctorios
911 3280 959 3319 seu
983 3277 1093 3330 vaccas,
1125 3265 1192 3313 tunc
1216 3258 1263 3315 ille

206 3362 254 3435 qui
276 3363 398 3419 devitum
420 3365 514 3437 querit
533 3365 614 3419 vadat
635 3363 669 3419 ad
690 3362 841 3428 sculdahis,
866 3369 893 3418 et
913 3361 1022 3417 intemit
1042 3374 1154 3416 causam
1174 3372 1262 3427 suam,

205 3461 271 3533 quia
292 3436 402 3516 devitor
419 3461 506 3534 ipsius
527 3461 594 3518 alias
615 3478 659 3516 res
681 3463 737 3516 no'n
757 3459 835 3515 habit
856 3459 908 3514 nisi
931 3474 1003 3531 quae
1021 3475 1106 3531 supra
1120 3445 1261 3526 leguntur.
1343 3464 1344 3468 ’

206 3559 286 3612 Tunc
315 3559 455 3616 sculdahis
481 3560 558 3615 tollat
586 3559 673 3615 bobes
701 3565 749 3614 aut
769 3557 890 3614 caballos
911 3557 1017 3630 ipsius,
1052 3563 1079 3612 et
1107 3562 1195 3628 ponat
1214 3569 1263 3610 eos

205 3664 267 3729 post
281 3640 458 3727 creditorem,
481 3657 549 3714 dum
570 3673 660 3730 usque
680 3653 707 3712 ei
724 3655 830 3728 justitia
851 3656 949 3721 iaciat;
971 3663 999 3712 et
1018 3655 1041 3711 si
1059 3652 1199 3710 sculdahis
1221 3652 1262 3736 di-

275 3894 398 3962 *115οη
427 3895 454 3947 st
473 3899 530 3958 quls
549 3897 591 3947 alil
611 3897 692 3948 wadia
712 3896 826 3956 dederit,
856 3903 882 3948 et
906 3909 964 3948 eam
988 3899 1102 3961 recipere
1125 3897 1262 3950 neclexerit

205 3999 250 4049 per
268 3985 462 4048 fidejussorem,
489 3991 515 4036 et
533 3993 596 4048 aput
614 3999 674 4036 eum
692 3990 843 4038 remanserit
860 3999 910 4037 une
930 3993 1023 4046 nocte,
1050 3990 1095 4036 aut
1113 3987 1195 4046 duas,
1221 3987 1260 4038 rel

204 4081 263 4129 tres,
284 4075 347 4125 nihil
366 4079 501 4137 conponat.
522 4075 549 4124 Sl
563 4079 712 4126 remanserit
730 4081 819 4137 quarta
834 4080 919 4135 nocte,
939 4081 1067 4138 conponat
1080 4075 1176 4134 solidos
1196 4075 1260 4127 duo-

203 4161 302 4223 dectm;
329 4167 351 4213 si
369 4167 519 4224 remanserit
537 4168 626 4224 quinta
645 4169 736 4218 nocte,
757 4170 885 4226 conponat
902 4165 997 4214 solidos
1017 4167 1106 4232 viginti¹
1122 4170 1258 4238 quattuo⁴r3

203 4255 229 4300 et
247 4256 268 4301 si
287 4255 437 4302 remanserit
455 4257 522 4302 sesta
540 4257 629 4307 nocte,
650 4258 778 4315 conponat
796 4254 892 4304 solidos
910 4257 1012 4316 triginta
1031 4266 1083 4304 sex.
1122 4254 1154 4304 itt
1176 4243 1259 4306 si'ille

203 4343 248 4400 qut
277 4354 333 4391 eam
358 4339 467 4390 wadiam
487 4345 614 4403 acceperit
631 4355 687 4394 eam
706 4342 812 4394 reddere
837 4344 976 4406 neglexerit
999 4357 1045 4407 per
1068 4327 1256 4414 fidejussorem,

203 4433 229 4478 et
246 4429 316 4491 apud
335 4441 395 4480 eum
409 4433 569 4492 remanserit,
590 4435 626 4483 sic
639 4437 776 4495 conponat,
796 4433 926 4496 quomodo
944 4432 987 4484 ille
1006 4435 1051 4496 qut
1065 4434 1174 4486 wadiam
1184 4447 1258 4485 suam

203 4522 316 4582 recipere
334 4517 480 4582 neglexerit.
