3048 5130
267 451 309 514 78
662 469 845 514 arurrnenur
869 469 959 516 neers

266 623 349 680 Pater
374 629 465 678 noster
493 622 618 689 fraudem
637 623 717 676 etam
736 637 882 692 meum
901 624 998 690 adrat,
1026 639 1075 678 nee
1094 625 1251 691 conamrit,
1286 639 1343 679 nec

265 723 408 793 replictom
431 722 520 791 posuit
540 721 577 774 od
604 721 815 790 eaqotrmoew
842 736 891 775 nec
918 736 968 776 noa
993 737 1043 791 per
1070 722 1153 791 open
1179 722 1355 791 etdpooetie'

267 837 320 874 esec
341 821 478 883 decenam
502 823 529 871 et
549 817 605 872 sint
624 805 721 889 postea
736 817 865 876 absoluti.
888 818 949 875 Hoc
963 817 1038 874 enim
1051 817 1202 889 capitulum
1218 818 1342 875 amodo

266 914 411 972 statuimus
432 922 462 970 ut
482 913 570 970 firmis
591 912 643 978 sit;
668 929 732 970 nam
753 913 889 988 quidquid
910 922 990 972 autea
1006 923 1098 972 actum
1118 922 1160 971 est
1179 915 1209 971 in
1224 922 1341 972 nostro

264 1013 379 1069 arbitrio
400 1027 580 1068 reservamus.
604 1011 639 1066 Et
660 1010 714 1066 hoc
732 1011 850 1083 proinde
868 1019 987 1070 statuere
1004 1013 1190 1086 presidemus,
1213 1029 1271 1086 pro
1298 1030 1339 1070 eo

266 1111 342 1183 quod
369 1111 468 1166 multas
489 1109 598 1164 tiaudes
620 1125 635 1164 a
657 1109 798 1178 gastaldiis
820 1112 861 1166 vel
882 1111 1021 1167 actoribus
1044 1110 1145 1166 nostris
1171 1109 1259 1168 lactas
1286 1111 1340 1168 in·

266 1207 406 1272 venimus,
430 1206 504 1262 unde
532 1206 588 1277 iarn
610 1205 709 1260 multas
729 1205 897 1278 fatigationis
918 1208 1073 1267 habuimus.
1114 1207 1184 1263 Nam
1206 1209 1291 1280 quod
1318 1225 1338 1266 a

265 1305 366 1362 nostris
387 1305 578 1360 decessoribus
595 1306 760 1378 cuicumque
782 1305 875 1361 datum
895 1313 947 1374 est,
970 1306 1057 1362 stavili
1076 1308 1176 1365 ordine
1191 1311 1335 1366 volumus

263 1419 443 1476 permanere,
476 1403 545 1459 sicut
572 1413 600 1461 et
626 1404 704 1460 illum
726 1404 802 1477 quod
825 1420 875 1459 nos
896 1403 1023 1460 dedimus
1050 1405 1145 1461 autin
1167 1414 1249 1464 antea
1273 1408 1335 1464 de-

263 1501 400 1558 deremus.

342 1595 428 1672 (VH.)
460 1600 526 1656 θθ.
556 1597 585 1655 Si
606 1597 696 1654 aldius
717 1598 913 1671 cujuscumque
941 1613 1004 1656 cum
1026 1599 1113 1656 libera
1133 1601 1249 1658 muliere
1271 1610 1331 1658 aut

261 1699 353 1770 puella
374 1697 528 1768 lornigatus
550 1696 642 1763 suerit,
666 1702 807 1768 conponat
823 1697 960 1752 solidoss
981 1696 1007 1752 ei
1028 1696 1057 1752 in
1080 1697 1157 1769 cujus
1169 1699 1327 1756 mundium

261 1797 319 1868 ipsa
342 1795 443 1858 luerit;
473 1802 500 1850 ct
521 1794 567 1850 illa
588 1795 690 1866 repetit
711 1793 808 1849 vitium
827 1809 926 1860 suum,
958 1797 1010 1866 p'ro
1039 1811 1073 1850 eo
1105 1795 1180 1867 quod
1208 1775 1324 1854 aldioni

261 1895 412 1952 consensit.

340 1990 447 2066 (Viti.)
468 1992 528 2046 ol.
551 1988 580 2043 Si
604 1987 665 2060 quis
686 1988 731 2043 alii
755 1987 842 2044 wadia
862 1988 897 2043 de
918 1997 1121 2046 sacramentum
1141 1991 1265 2061 dederit,
1289 2001 1324 2050 et

260 2087 465 2146 sacramentalis
488 2085 554 2142 dicti
574 2085 692 2155 luerent,
716 2092 850 2157 etpostea
871 2086 930 2158 ipse
952 2086 999 2158 qui
1012 2087 1170 2145 nominatus
1190 2096 1231 2145 est
1251 2107 1320 2148 cum

260 2189 294 2243 ad
315 2191 517 2243 sacramentum
534 2183 649 2252 venerit,
672 2192 699 2239 et
720 2184 862 2254 evangelia
884 2184 972 2256 posita
994 2185 1092 2254 luerit,
1123 2201 1152 2241 sc
1172 2188 1322 2245 subtraere

260 2284 401 2359 quesierit,
422 2291 453 2339 ut
473 2287 675 2338 sacramentum
695 2288 855 2355 rumpatur;
883 2281 953 2336 sicut
973 2281 1001 2336 in
1024 2283 1162 2338 anteriora
1183 2285 1318 2344 Edictum

259 2391 300 2439 es't
321 2382 509 2450 constitutum,
532 2387 598 2436 tunc
619 2387 730 2452 preveat
756 2379 831 2452 prius
852 2379 900 2436 ille
921 2379 969 2452 qui
987 2379 1079 2453 jurare
1101 2382 1175 2438 davit
1194 2383 1229 2438 ad
1250 2384 1321 2440 illos

258 2479 463 2538 sacramentalis
485 2495 550 2534 suos
570 2487 788 2546 sacramentum,
812 2478 887 2550 quod
910 2494 973 2534 cum
994 2494 1030 2557 co
1049 2470 1190 2536 munditer
1207 2481 1313 2552 jurent.

258 2579 335 2634 Etsi
357 2577 563 2634 sacramentalis
584 2577 636 2649 ipsi
658 2577 753 2633 audire
775 2577 932 2643 noluerent,
956 2583 983 2632 et
1003 2592 1031 2632 se
1052 2575 1152 2648 aliquis
1172 2577 1200 2634 in
1224 2579 1316 2636 omni-

258 2675 309 2731 bus
324 2674 485 2732 subtrahere
506 2675 649 2748 quesierit,
673 2682 702 2730 ut
723 2675 902 2748 ipsccausarn
924 2691 1000 2730 suam
1019 2675 1066 2746 qui
1081 2673 1174 2746 jurare
1187 2676 1314 2735 debuerit

257 2774 364 2846 perdat,
384 2774 513 2846 jobemus
534 2779 564 2828 ut
584 2773 766 2828 manelcstare
787 2771 884 2828 deveat
906 2771 965 2843 ipse
981 2773 1192 2828 sacramentales
1213 2773 1260 2847 qui
1282 2791 1315 2831 se

257 2871 417 2928 subtrahere
440 2870 556 2927 voluerit
577 2877 680 2926 certam
700 2869 857 2932 veritatem,
885 2885 935 2941 pro
957 2885 1013 2942 quo
1035 2885 1114 2925 eausa
1139 2869 1233 2942 jurare
1253 2887 1312 2928 me·

257 2969 336 3026 nime·
353 2968 501 3041 presumit:
531 2967 600 3023 etsi
623 2967 803 3022 manetestare
826 2966 948 3022 menime
965 2966 1106 3038 potuerit,
1137 2975 1249 3040 preveat
1268 2985 1312 3026 sa·

256 3076 427 3126 aramentum
448 3069 524 3142 quod
551 3069 658 3124 nullum
679 3067 841 3124 conludium
862 3067 963 3123 habeat
984 3083 1046 3122 cum
1067 3066 1211 3122 huminem
1231 3067 1310 3123 illum

255 3166 302 3240 qui
325 3174 527 3223 sacramentum
546 3165 642 3221 audire
658 3165 766 3233 deveat,
790 3164 844 3221 nisi
864 3164 943 3236 quod
957 3163 1078 3219 animam
1092 3180 1168 3221 suam
1185 3165 1308 3220 timendo

255 3281 312 3320 non
335 3271 473 3336 presumat
493 3264 706 3320 sacramentales
726 3277 802 3324 esse;
833 3269 861 3317 et
883 3261 942 3332 ipse
964 3268 1059 3334 postea
1081 3262 1127 3335 qui
1147 3263 1239 3334 iurare
1261 3263 1310 3320 de·

254 3361 294 3416 vit
313 3359 414 3417 habeat
434 3361 552 3434 spatium
574 3360 663 3417 noctis
684 3377 724 3416 xiv
745 3359 793 3432 qui
814 3375 901 3432 prope
922 3364 1001 3426 svrut,
1024 3365 1052 3415 et
1072 3359 1120 3431 qui
1142 3359 1177 3416 de
1197 3360 1308 3431 longin-

255 3473 310 3531 quo
332 3465 406 3527 sunt,
430 3459 572 3530 quomodo
594 3464 657 3514 sunt
679 3459 713 3514 de
732 3457 831 3514 Tuscia
847 3457 888 3512 vel
911 3457 946 3511 de
963 3457 1086 3526 dustria,
1110 3457 1199 3514 noctis
1213 3474 1304 3526 ntur,

254 3563 282 3612 et
302 3562 400 3629 querat
421 3555 507 3612 alium
535 3555 762 3614 sacramentalem
783 3572 867 3629 quem
894 3555 923 3611 in
951 3555 1014 3610 loco
1035 3555 1121 3629 ipsius
1142 3562 1247 3628 ponat,
1280 3561 1308 3612 et

253 3653 293 3711 sic
314 3659 516 3712 sacramentum
537 3655 656 3711 deducat
676 3655 747 3712 sicut
767 3655 854 3711 wadia
876 3653 961 3716 dedit.
1003 3655 1039 3710 Et
1066 3653 1088 3710 si
1113 3655 1205 3726 jurare
1226 3669 1306 3710 ausus

254 3771 309 3811 non
333 3753 426 3821 luerit,
449 3759 495 3809 aut
516 3753 699 3810 manetestare
722 3769 778 3808 non
800 3753 937 3825 potuerit,
961 3751 1099 3824 quidquid
1119 3752 1177 3822 ipsc
1199 3751 1243 3808 cui
1264 3768 1307 3808 sa·

252 3859 424 3910 aramentum
454 3851 482 3908 in
505 3857 577 3907 terra
599 3851 708 3908 dederit
727 3851 860 3908 damnum
881 3866 976 3922 passus
996 3849 1097 3914 suerit,
1129 3849 1164 3905 de
1186 3849 1305 3922 propriis

253 3953 334 4010 rebus
355 3952 411 4008 suis
432 3949 570 4006 restituat.
1270 3957 1273 3962 ’

330 4047 449 4126 (vtttt.)
480 4043 785 4105 tib-'Reminisaimur
813 4044 888 4100 enim
917 4044 1037 4117 qualiter
1064 4042 1121 4114 jam
1149 4043 1302 4112 statuimus,

252 4149 299 4223 qui
320 4147 462 4204 bominem
483 4146 603 4203 liberum
624 4143 752 4200 occiserit
773 4148 802 4199 ut
822 4157 865 4198 res
885 4158 948 4199 suas
968 4141 997 4197 iu
1019 4140 1158 4210 integrum
1185 4141 1302 4214 perdat3

251 4253 278 4302 et
298 4247 347 4320 qui
367 4263 396 4302 se
409 4244 625 4302 ‘defendendum
646 4241 787 4300 hominem
809 4240 953 4305 occiserit,
983 4246 1124 4312 conponat
1150 4239 1302 4296 secuudum

250 4344 412 4418 qualitatem
432 4357 570 4415 persone:
598 4356 672 4398 nunc
701 4348 793 4398 autem
820 4345 939 4397 sumere
965 4337 1139 4413 presidemus
1159 4337 1302 4410 quomodo

249 4440 285 4499 sit
303 4433 364 4514 ipsa
384 4438 503 4513 qualitas
523 4439 736 4498 consideranda.
770 4436 945 4496 Consuitudo
965 4436 1041 4495 enim
1061 4441 1112 4506 est,
1135 4439 1166 4494 ut
1185 4431 1300 4500 minima
