3048 5130
551 505 687 556 anrcrnsr
710 504 777 558 esa.
800 501 916 552 n-rs.
1228 489 1281 582 st

223 654 326 714 stillam
347 672 424 718 mam
444 670 495 729 pro
515 673 551 713 eo
572 657 648 728 quod
669 656 729 729 ipse
751 656 843 715 iulans
869 655 942 720 iutra
964 662 1052 717 aetate
1079 673 1139 719 ease
1160 659 1282 720 vedetur.

223 752 313 810 ludex
335 760 427 814 autem
449 754 593 827 quomodo
616 753 786 811 ordinaverit
805 760 852 811 aut
873 753 991 826 qualiter
1006 753 1103 812 iecerit
1122 772 1233 814 causam
1253 755 1282 814 in

225 850 267 906 his
281 851 407 924 capitulis
429 853 464 908 de
485 869 520 909 eo
541 852 588 924 qui
605 851 777 912 iolraaetate
790 858 843 916 est,
866 852 967 910 habeat
982 852 1178 914 retribotorem
1194 855 1283 914 Deum

225 948 447 1020 omnipotentem
475 949 536 1006 sibe
562 949 590 1004 in
614 949 691 1006 borio
712 949 772 1008 sibe
793 949 822 1006 io
843 951 937 1014 malos
959 956 987 1006 et
1007 950 1107 1012 missus
1129 953 1177 1009 ille
1198 969 1283 1026 quem
1385 931 1390 949 ⁸

220 1045 306 1117 judex
335 1045 467 1102 direxerit
494 1062 544 1118 pro
566 1046 762 1103 diffiniendum
783 1045 872 1102 causis
893 1063 1069 1120 quae-supra
1096 1049 1283 1124 precipemus,

224 1143 246 1200 si
268 1143 297 1200 in
318 1142 412 1216 aliqua
438 1150 515 1216 parte
541 1161 590 1200 cnr
610 1161 691 1206 suom
717 1143 747 1199 in
769 1143 866 1200 fraude
888 1145 1087 1211 declinaverit,
1121 1153 1168 1204 sut
1187 1147 1285 1206 iecerit

224 1258 256 1296 ea
278 1258 350 1313 quae
372 1249 509 1315 oportuna
531 1258 588 1298 noa
611 1247 684 1311 sunt,
707 1247 737 1298 ut
757 1241 818 1314 ipse
839 1241 931 1300 iulans
950 1243 1084 1303 damnum
1098 1245 1283 1319 habeatquae

224 1338 296 1398 intra
316 1345 435 1398 aetatem
456 1346 508 1407 est,
530 1346 558 1394 et
578 1355 635 1396 non
650 1339 747 1398 iecerit
767 1340 972 1412 aequalitatem,
995 1348 1023 1398 et
1041 1349 1185 1414 provatum
1202 1341 1286 1400 luerit

225 1435 300 1508 quod
322 1436 446 1494 fraudem
467 1437 579 1506 fecissit,
602 1445 649 1494 aut
669 1437 833 1494 conludium
854 1444 951 1497 contra
967 1439 1059 1514 ipsum
1076 1439 1209 1502 infantem
1231 1447 1285 1498 sta-

225 1533 324 1600 tuissil‚
348 1535 383 1590 dc
406 1535 524 1608 propido
546 1551 597 1592 suo
618 1534 747 1592 restaurit
767 1536 843 1608 quod
866 1535 1057 1596 fraudolenter
1078 1538 1181 1602 divisit.
1220 1539 1284 1600 flos

225 1632 288 1694 ideo
310 1633 429 1704 proinde
450 1633 577 1702 dicimus,
601 1638 631 1687 ut
650 1632 743 1689 intans
763 1633 821 1696 ille,
845 1632 893 1706 qui
915 1649 1026 1692 oausam
1047 1651 1126 1696 suam
1144 1635 1233 1698 nescit
1246 1637 1286 1694 le·

214 1729 321 1800 'gitime
342 1746 501 1802 procurare,
525 1729 658 1786 damnum
679 1745 736 1785 non
758 1729 869 1786 habeat.

307 1825 394 1902 (Vll.)
436 1830 498 1887 ἵθ.
539 1827 580 1885 De
601 1827 733 1898 religiosa
764 1827 866 1884 lemine
893 1845 964 1902 quae
986 1835 1090 1886 restem
1110 1835 1139 1884 et
1159 1829 1283 1888 habitum

224 1930 318 1982 sancte
341 1925 485 1996 religionis
506 1925 535 1982 in
558 1941 587 1981 se
608 1925 740 1998 suscepit,
762 1925 785 1984 si
802 1925 959 1997 contegeris
979 1941 1013 1982 ex
1026 1931 1140 1998 peccato
1161 1933 1192 1986 ut
1206 1927 1285 1986 adul-

224 2023 325 2082 terium
346 2023 517 2083 voluntariae
538 2023 683 2088 demittat,
719 2023 766 2096 qui
794 2023 855 2095 ipsa
883 2023 1130 2086 sanctemonialem
1151 2024 1284 2084 seminam

224 2121 419 2183 adulteraverit
445 2127 588 2192 conponat
608 2121 713 2178 solidos
736 2138 786 2180 cor
816 2122 881 2194 quia
905 2122 940 2180 de
961 2122 1149 2180 saecularibus
1171 2122 1283 2182 leminis

224 2219 339 2276 Edictus
360 2223 492 2275 contenet
511 2225 541 2276 ut
562 2225 739 2290 conponatur
758 2235 810 2291 pro
832 2219 1000 2278 adulterium
1021 2219 1102 2280 solidi
1125 2237 1162 2286 or
1183 2227 1212 2278 et
1232 2237 1285 2278 nos

224 2315 416 2390 prospeximus
437 2332 531 2374 reram
551 2332 611 2374 esse
629 2316 764 2388 justitiam
786 2324 816 2372 ot
836 2316 865 2373 in
884 2317 935 2376 Dei
952 2316 1152 2390 omnipotentis
1173 2333 1284 2378 oausam

225 2415 267 2470 rel
288 2420 382 2473 sancte
403 2414 462 2484 ejus
482 2413 625 2484 genitricis
641 2414 799 2481 ΜΑΒΙΑΕ,
823 2415 900 2488 cujus
922 2422 1026 2472 restem
1046 2414 1211 2488 suscipiunt,
1234 2416 1285 2478 du-

225 2512 374 2585 plicentur.
397 2513 439 2570 De
461 2518 553 2572 autem
575 2511 723 2584 pecuniam
743 2511 869 2584 ciusdem
889 2513 1021 2584 religiose
1047 2512 1169 2582 lemine,
1198 2530 1281 2586 quae,

226 2610 302 2681 quod
323 2609 410 2678 absit,
441 2609 613 2671 voluntariae
634 2608 802 2670 adulterium
822 2611 1027 2681 penetraverit,
1060 2609 1100 2666 sic
1121 2611 1186 2676 fiat,
1214 2611 1286 2670 sicut

221 2706 279 2779 iam
308 2714 390 2768 autea
419 2707 454 2767 de
482 2706 621 2778 religiosis
642 2705 753 2764 leminis
774 2707 935 2776 statuimus,
965 2724 1036 2780 quae
1060 2723 1091 2767 sa
1116 2708 1218 2766 moritu
1238 2725 1285 2768 co-

225 2805 368 2878 potaverit

305 2903 410 2980 (ΠΗ.)
437 2904 492 2961 ἶῖ.
523 2902 552 2959 Si
575 2902 630 2958 duo
652 2901 766 2967 tratres,
797 2908 844 2964 sut
871 2901 894 2961 si
915 2906 994 2974 pater
1022 2909 1051 2957 et
1070 2902 1144 2964 filius
1165 2903 1284 2975 thingati

226 3000 345 3072 luerent,
368 3002 391 3068 si
413 3017 483 3060 unus
497 3018 531 3058 ex
553 2999 619 3072 ipsis
631 2999 692 3058 sine
707 2999 783 3069 tiliis,
807 2999 927 3068 filiabus,
947 3005 1071 3060 mortuos
1085 3000 1177 3071 luerit,
1200 3002 1285 3063 curtis

226 3099 301 3170 regia
323 3101 348 3162 ei
370 3100 511 3159 succedat.
554 3099 622 3156 ldeo
643 3104 734 3176 aretem
756 3097 810 3155 hoc
831 3097 1014 3170 scripseram,
1043 3097 1107 3170 quia
1138 3097 1188 3156 etsi
1217 3098 1287 3156 adfl-

226 3205 300 3256 ctum
322 3198 351 3254 in
362 3198 493 3258 Edictum
505 3197 635 3270 propriae
655 3213 712 3254 noo
727 3196 788 3265 tull,
813 3201 904 3256 tamen
923 3211 1020 3257 omnes
1032 3195 1140 3268 judices
1152 3203 1180 3252 et
1194 3196 1286 3254 tidelis

226 3296 313 3356 nostri
323 3296 363 3356 sic
378 3296 518 3362 dixerunt,
542 3293 618 3367 quod
634 3294 782 3356 cadarieda
798 3292 914 3366 antiqua
932 3309 1021 3367 usquc
1036 3310 1111 3351 nuno
1128 3293 1168 3350 sic
1183 3293 1283 3356 fuissit.

307 3392 412 3468 (Villi.
435 3393 476 3452 De
493 3387 686 3466 perseniam.)
707 3392 766 3452 28·
788 3389 845 3460 Qui
857 3391 955 3464 atinati
969 3392 1003 3451 de
1022 3391 1134 3464 puplico
1148 3391 1236 3463 sabis.
1258 3397 1286 3450 et

227 3509 277 3566 per
296 3497 445 3562 sexagenta
466 3489 561 3548 anuos
577 3490 686 3572 quietos
707 3488 848 3562 possedit,
877 3489 966 3548 leceat
987 3505 1051 3547 eum
1070 3487 1099 3544 io
1121 3495 1202 3551 autea
1224 3489 1286 3553 sine

227 3592 319 3663 aliqua
339 3589 532 3647 molestatione
554 3589 657 3647 habere
678 3593 706 3644 et
726 3587 883 3659 possedere.
906 3587 969 3644 Hoc
990 3592 1081 3644 autem
1107 3584 1171 3648 ideo
1191 3587 1286 3646 stetui-

227 3705 299 3758 mua‚
322 3687 386 3762 quia
408 3686 547 3759 possessio
569 3685 686 3751 aliorum
705 3684 850 3744 homiuum
871 3685 1024 3746 secuudum
1037 3684 1286 3756 Langobardorum

226 3788 318 3858 legem
338 3786 366 3844 in
388 3800 443 3842 xxx
464 3799 555 3840 annos
576 3782 688 3848 finiturs
712 3799 808 3842 causas
828 3782 943 3855 quidem
960 3781 1061 3853 regalis
1083 3773 1157 3840 riade
1178 3799 1286 3856 conpo-

227 3884 292 3944 sitio
321 3889 483 3957 expectatur
513 3880 666 3939 dublicatas
694 3881 789 3942 statuit
817 3881 947 3940 decessor
972 3886 1068 3939 noster
1089 3880 1216 3938 Rosam
1237 3897 1287 3941 rex

228 3997 403 4054 conponere:
436 3985 583 4052 propterea
613 3979 693 4037 nobis
714 3986 820 4039 rectum
841 3995 904 4038 oum
927 3977 1029 4036 nostris
1046 3976 1188 4050 iudicibus
1219 3995 1289 4036 coo·

229 4080 320 4154 paruit
339 4096 417 4148 esse,
444 4083 485 4138 'ut
505 4083 532 4133 et
552 4077 581 4134 in
603 4077 653 4136 ista
673 4093 758 4138 eausa
778 4078 813 4134 de
833 4077 1010 4150 possessione
1034 4076 1212 4148 duplicentur
1233 4076 1287 4151 ipsi

229 4178 306 4247 anni,
329 4184 360 4234 ut
379 4177 448 4233 fiant
468 4191 511 4232 u.
540 4175 577 4230 Et
596 4174 617 4233 si
640 4182 687 4230 aut
704 4175 790 4247 iudex
815 4181 865 4236 aut
879 4161 1076 4236 'aeternosler
1102 4172 1195 4247 ipsum
1214 4192 1288 4249 quae

228 4273 433 4350 possessionem
453 4276 537 4330 talem
556 4271 634 4328 habit
648 4272 798 4344 pulsaverit
818 4273 893 4346 quod
915 4271 1005 4344 ipsam
1024 4286 1084 4330 rem
1101 4271 1203 4346 injuste
1224 4288 1289 4346 pos·

228 4373 338 4436 sedissil
357 4378 404 4432 aut
423 4370 580 4440 mannent,
610 4375 638 4429 et
669 4386 728 4430 noa
756 4370 813 4431 aias
833 4369 955 4442 conpteti
981 4386 1017 4428 nx
1038 4369 1123 4432 souis
1152 4375 1219 4432 tunc
1239 4370 1289 4428 ille
1401 4365 1402 4368 ’

229 4471 307 4545 enus
335 4469 472 4545 penuria
503 4477 545 4526 est
571 4467 646 4528 dicet
666 4466 775 4540 ιἰιιιιιιι
799 4467 834 4530 ad
853 4472 949 4531 saneta
970 4467 1115 4539 eramala
1135 4474 1184 4532 aut
1201 4468 1237 4534 da
1257 4483 1289 4527 se

1029 4562 1047 4621 6
1057 4564 1075 4603 ts
