3048 5130
251 463 295 528 36
644 483 799 529 nornama
823 484 915 529 aneis

331 632 419 691 115.
442 631 494 708 (Da
513 631 623 708 aldina.)
645 633 707 690 Non
719 634 900 693 laoiataldiua
914 635 1121 708 cujuscumque,
1145 634 1193 708 qni
1205 635 1308 693 emund

252 731 339 792 iaetus
366 737 503 801 nonest,
532 730 592 788 sine
621 733 760 790 volontate
786 739 904 806 patrono
931 749 981 790 auo
1003 738 1074 790 terra
1103 739 1150 790 aut
1169 733 1308 806 mancipia

251 830 375 899 vindere,
398 830 447 886 sed
469 847 560 903 neque
581 830 701 888 liberum
722 831 872 889 dianettere.

331 931 420 990 110.
442 926 773 1003 (Determiaaeefforaua.)
788 929 818 986 Si
829 929 890 1003 quia
900 928 986 987 homo
998 930 1069 988 liber
1079 929 1228 987 terminum
1238 930 1309 986 anti·

251 1044 314 1085 eum
322 1026 555 1095 exterminaverit,
568 1031 594 1081 et
605 1032 748 1096 provatum
760 1027 851 1097 luerit,
862 1027 897 1083 sit
906 1028 1054 1100 culpavelis
1064 1028 1169 1084 solidos
1177 1035 1308 1100 octngen-

251 1132 289 1195 ta,
310 1125 487 1182 medietatem
502 1123 572 1193 regi,
588 1130 616 1179 et
629 1124 807 1182 medietatem
825 1124 854 1180 io
869 1126 946 1197 eujus
960 1126 1204 1200 tinemterminum
1217 1126 1307 1186 tuerit.

289 1271 292 1278 ,
330 1223 413 1282 131.
434 1219 487 1294 (Da
507 1238 598 1278 aerato
619 1224 666 1292 qut
686 1225 829 1278 terminum
849 1219 996 1296 effoderit.)
1039 1223 1067 1278 Si
1088 1240 1181 1280 servus
1201 1224 1309 1281 alienus

250 1319 400 1390 terminum
421 1317 543 1384 antinum
564 1318 798 1389 exterminaverit,
820 1319 903 1377 morti
924 1319 1047 1376 incurrat
1067 1321 1238 1392 perieulum,
1262 1329 1309 1378 aut

250 1425 357 1477 ematur
378 1433 441 1476 oum
463 1417 652 1490 quadragenta
674 1418 780 1477 solidis.

270 1567 273 1576 .
330 1517 417 1576 118.
440 1512 496 1587 (De
516 1517 613 1574 ardore
632 1513 763 1590 deamo.)
805 1516 835 1572 Si
865 1517 928 1590 quis
956 1516 1039 1573 homo
1064 1515 1138 1574 liber
1166 1518 1305 1587 arborem,

250 1615 298 1672 ubi
314 1617 445 1674 teclatura
466 1613 540 1670 inter
559 1614 630 1671 tinea
647 1615 831 1673 decerniudaa
852 1615 958 1684 signata
980 1621 1031 1680 eat,
1054 1614 1183 1672 inciderit
1192 1622 1240 1672 aut
1260 1616 1309 1674 de·

249 1713 338 1778 lierit,
356 1717 503 1782 octogenta
524 1711 628 1772 solidos
645 1713 684 1770 ,sit
705 1712 870 1784 culpavelis,
893 1712 1088 1769 mediaetatem
1108 1713 1177 1783 regi,
1202 1720 1230 1770 at
1250 1729 1307 1772 me·

249 1801 380 1875 dietatem
402 1809 480 1882 eujus
497 1810 584 1870 ,arbor
597 1810 697 1868 aluerit.
732 1793 769 1866 Et
789 1810 812 1866 si
833 1826 942 1874 servum
962 1826 1013 1883 per
1029 1809 1183 1882 jussionem
1200 1810 1306 1868 domiai

248 1908 291 1966 sui
314 1907 420 1976 iecerit,
444 1906 574 1968 dominus
596 1915 747 1981 conponat,
771 1914 913 1980 utsupra,
937 1908 1041 1964 solidos
1064 1925 1146 1966 unx.

315 2008 418 2065 nau.
461 2004 490 2060 Si
512 2021 605 2062 servus
625 2022 675 2063 sua
690 2005 882 2063 auctoritatem
899 2006 999 2062 arbore
1019 2005 1067 2062 ubi
1085 2007 1214 2064 teclatura
1236 2007 1305 2064 tarta

248 2109 289 2166 est
308 2104 382 2166 inter
401 2102 465 2160 linia
487 2103 678 2159 decernendas
699 2103 846 2174 inciderit,
869 2110 916 2160 aut
936 2103 1086 2169 moriatur,
1116 2111 1163 2162 aut
1182 2106 1307 2162 redemat

249 2219 278 2264 ae
299 2218 363 2260 eum
376 2200 574 2274 quadragenta
595 2201 703 2258 solidis.
816 2243 819 2250 .

281 2339 294 2362 2.
314 2303 420 2358 140.
451 2299 506 2373 (De
525 2304 625 2359 maida
645 2305 676 2359 to
696 2302 766 2359 ailon
785 2304 896 2360 alteae‘m
914 2299 1012 2373 sorta.)
1054 2300 1084 2357 Si
1110 2299 1173 2373 quis
1193 2306 1306 2372 propter

248 2398 533 2468 intentionemaigna
555 2416 645 2465 nova,
660 2400 690 2456 id
710 2406 753 2456 est
772 2401 903 2457 teclatura
924 2405 971 2455 aut
990 2397 1101 2468 snaida,
1124 2398 1153 2454 in
1178 2397 1245 2454 ailva
1267 2397 1306 2454 ia-

249 2498 335 2566 oerit,
364 2503 396 2554 et
421 2511 470 2554 aun
492 2513 550 2553 non
572 2498 783 2570 adprovaverit‚
815 2504 957 2570 conponat
977 2497 1082 2553 solidos
1103 2477 1302 2569 quadragenta,

248 2595 425 2652 medietatem
446 2596 516 2666 regi,
540 2603 567 2652 et
588 2597 765 2654 medietatem
786 2595 863 2669 cujus
883 2596 950 2652 silva
971 2595 1061 2652 tuerit.

281 2743 283 2748 .
329 2685 411 2750 141.
433 2690 485 2767 (Da
495 2711 571 2750 seruo
588 2698 636 2767 qui
650 2698 752 2752 muido
763 2691 882 2769 feroit.)
904 2694 935 2750 Si
951 2709 1045 2750 servus
1061 2698 1142 2749 extra
1151 2689 1304 2764 jussionem

249 2791 357 2852 domini
366 2789 408 2848 aui
420 2791 551 2848 teclatura
562 2800 609 2849 aut
618 2793 714 2850 vualda
729 2793 824 2850 feeerit
835 2792 863 2848 in
875 2792 971 2848 silvam
980 2791 1102 2860 alterius,
1113 2806 1212 2847 manus
1225 2789 1251 2846 ei
1261 2789 1305 2844 in·

190 2919 194 2930 ·
248 2889 374 2954 oidatur3
394 2895 432 2948 >et
451 2889 475 2945 ai
496 2905 559 2946 oum
588 2889 742 2962 jussionem
762 2889 871 2946 domini
891 2889 933 2945 sui
953 2888 1065 2958 iecerit,
1088 2887 1203 2944 domino
1223 2902 1305 2959 repo-

248 2992 320 3044 tetur
340 2993 371 3043 ut
388 3001 504 3058 eupra.--
937 2993 940 3008 ⁴

326 3086 414 3146 141.
457 3085 487 3142 Si
508 3083 569 3158 quis
591 3084 651 3141 sine
668 3083 822 3157 jussionem
848 3083 921 3154 regis
946 3099 1043 3140 aurum
1071 3081 1230 3153 figuraverit
1257 3086 1304 3137 aut

247 3190 359 3242 moneta
380 3183 537 3248 confixerit,
559 3199 657 3239 manus
679 3183 704 3238 ei
725 3182 872 3241 incidatur.

311 3282 413 3339 m.
438 3279 494 3355 (lle
514 3283 617 3338 cortoto
636 3278 728 3355 satan)
759 3279 788 3336 Si
809 3280 871 3353 quis
892 3279 1025 3336 cartolam
1046 3278 1141 3336 taleam
1161 3275 1303 3350 scripserit

247 3386 295 3438 aut
313 3378 457 3452 quodlevit
476 3380 679 3445 membranum,
703 3394 801 3435 manua
822 3377 848 3434 ei
868 3377 1036 3434 incidantur.

327 3477 415 3534 144.
457 3476 487 3532 Si
508 3476 571 3550 quis
592 3493 764 3550 permurum
785 3475 820 3532 de
840 3482 930 3533 castro
951 3481 999 3531 aut
1017 3473 1154 3532 civitatem
1169 3474 1230 3532 sine
1250 3491 1302 3531 no-

247 3573 313 3641 ditia
331 3573 424 3646 Judeei
446 3575 487 3630 sui
509 3575 609 3632 exierit
629 3575 702 3633 toras
723 3580 769 3632 aut
790 3572 946 3638 intraverit,
970 3572 992 3629 ai
1013 3572 1084 3629 liber
1105 3579 1165 3642 est,
1188 3572 1224 3628 rit
1244 3574 1302 3629 eul-

246 3673 349 3745 pavelis
370 3671 408 3728 in,
421 3677 534 3728 curtem
546 3671 622 3743 regis
639 3672 745 3728 solidos
765 3670 886 3742 vigenti3
916 3670 939 3728 ri
959 3675 1050 3726 autem
1069 3669 1158 3726 aldius
1179 3674 1226 3725 aut
1245 3686 1302 3726 aar·

246 3787 295 3828 vua
315 3770 409 3847 luerit,
431 3769 634 3841 aiteulpavelis
655 3769 760 3826 solidos
780 3785 798 3824 x
817 3768 847 3826 in
868 3773 975 3824 endem
994 3766 1077 3838 regis.
1099 3766 1178 3824 Etsi
1200 3767 1301 3824 turtum

247 3869 352 3940 feeerit,
375 3868 446 3930 siout
465 3866 494 3923 in
516 3867 569 3923 hoo
588 3867 719 3924 Edictum
739 3867 840 3937 legitur
860 3883 931 3939 pene
953 3865 1017 3922 furti
1037 3870 1187 3937 conponat,

326 3965 414 4023 145.
436 3960 488 4039 (lle
505 3965 739 4036 pignerationibus
759 3971 784 4020 at
804 3965 927 4034 aarum)
950 3963 980 4020 Si
1001 3963 1063 4036 quia
1080 3961 1231 4020 devitorem
1251 3962 1300 4020 ha·

245 4062 296 4134 bit,
319 4061 434 4136 appellit
454 4075 519 4117 eum
538 4063 635 4130 semel,
658 4062 718 4130 bes,
740 4067 769 4118 et
788 4059 880 4133 usque
895 4060 996 4124 tertiae
1018 4068 1047 4117 et
1065 4059 1088 4116 ai
1104 4059 1225 4118 devitum
1241 4077 1298 4116 non

245 4160 404 4218 reddederit
423 4165 471 4218 aut
492 4175 547 4214 non
569 4158 765 4231 conposuerit,
797 4164 863 4214 tunc
893 4157 989 4217 deveat
1019 4174 1082 4215 eum
1102 4156 1249 4230 pignerare
1268 4157 1299 4214 in

245 4257 288 4315 hia
307 4257 401 4323 rebus,
424 4257 472 4330 qui
491 4257 639 4331 pignerare
658 4256 771 4314 lecitum
791 4261 842 4312 est.

286 4407 288 4412 ,
325 4357 414 4412 146.
436 4353 480 4428 (Si
509 4358 569 4428 quta
598 4363 661 4413 aare
688 4355 904 4412 oooteatattoaem
932 4350 1136 4428 ptorantem.)
1177 4351 1206 4410 Si
1237 4351 1299 4425 quia

244 4451 299 4509 alio
320 4467 370 4526 pao
392 4452 510 4524 qualibit
519 4453 641 4510 devitum
662 4459 827 4510 autcauaam
841 4450 987 4524 pignerare
1006 4449 1202 4524 presumpserit
1222 4455 1300 4508 auta-
