3048 5130
237 415 258 479 8
629 435 785 480 nonnemo
810 429 901 480 neers

238 585 386 655 celabant,
416 589 558 657 conponat
577 586 739 658 parentibus
759 586 861 642 mortui
882 585 986 643 solidos
1007 601 1087 645 cxxx.
1129 584 1207 642 Etsi
1229 600 1292 641 eum

237 683 375 740 invenerit
395 689 423 738 et
444 683 644 755 expoliaverit,
675 690 703 740 et
728 700 792 739 mox
813 683 950 740 vicinilrus
971 683 1146 755 patefecerit,
1180 686 1208 738 ct
1228 697 1294 753 cog·

238 781 360 838 nuscitur
381 781 457 852 quod
477 796 529 853 pro
550 782 686 838 mercedis
708 799 837 851 causam,
868 798 933 837 nam
962 797 1019 836 non
1047 780 1157 837 iurandi
1185 779 1290 849 animo,

237 879 335 936 reddat
362 879 450 951 spolia
478 895 545 951 quas
566 896 649 951 super
670 895 733 936 eum
755 879 880 949 invenit,
914 886 941 935 et
969 880 1085 953 emplius
1109 878 1134 934 ei
1155 877 1293 935 calomnia

238 983 474 1047 congnoscetur.

316 1075 371 1131 lt.
413 1073 442 1130 Si
464 1073 527 1146 quis
548 1090 582 1128 ex
603 1072 754 1130 baronibus
782 1073 883 1130 nostris
912 1074 948 1130 ad
968 1090 1019 1130 nos
1040 1073 1158 1130 voluerit
1184 1073 1290 1136 venire,

236 1185 349 1226 securus
370 1169 476 1235 veniat,
505 1177 532 1226 et
559 1169 663 1226 inlesus
683 1171 719 1226 ad
739 1186 803 1226 suos
830 1178 998 1234 revertatur3
1029 1171 1121 1227 nullus
1142 1171 1176 1226 dc
1198 1171 1295 1227 adver-

236 1268 323 1326 sarius
350 1267 390 1325 illi
420 1268 542 1340 aliquam
572 1267 600 1323 in
622 1267 728 1324 itenere
756 1267 856 1341 injuria
878 1273 924 1323 aut
944 1268 1100 1325 molestiam
1120 1268 1209 1324 lacere
1231 1283 1294 1340 pre·

236 1373 336 1423 sumat.
379 1365 500 1422 Tantum
521 1371 562 1421 est
582 1373 613 1421 ut
633 1364 679 1422 ille
702 1366 749 1438 qui
770 1367 805 1422 ad
826 1383 921 1437 regem
943 1365 1054 1422 lestinet
1081 1365 1181 1448 venire⁴
1197 1372 1293 1422 onesta

183 1485 187 1492 ¹
235 1463 337 1528 veniat,
362 1469 388 1518 et
409 1465 484 1520 nulla
506 1462 612 1519 lesione
635 1470 681 1520 aut
699 1464 831 1520 damnum
848 1464 1013 1536 cuicumque
1033 1463 1062 1519 in
1081 1463 1171 1534 ipsum
1188 1463 1293 1520 itenere

236 1560 271 1616 ad
292 1576 386 1631 regem
409 1560 577 1617 veniendum
598 1566 645 1617 aut
662 1559 827 1618 rediendum
845 1561 942 1626 laciat;
966 1578 1031 1618 nam
1051 1561 1074 1618 si
1096 1560 1202 1628 iecerit,
1224 1561 1294 1617 sicut

238 1637 333 1714 subter
353 1658 494 1714 adnexum
515 1663 556 1714 est
576 1666 725 1730 conponat.

315 1756 374 1813 18.
416 1755 445 1812 Si
474 1755 536 1828 quis
563 1773 597 1812 ex
618 1757 780 1814 adversariis
801 1775 915 1815 manum
935 1763 1069 1814 armatam
1095 1772 1177 1829 super
1197 1771 1295 1829 quem-

236 1867 355 1924 cumque
386 1853 421 1910 ad
441 1870 536 1924 regem
557 1853 714 1911 venientem
735 1854 879 1928 injecerit,
911 1871 988 1911 suam
1009 1854 1139 1927 injuriam
1160 1860 1205 1912 aut
1226 1871 1295 1926 qua·

235 1951 410 2023 lemcumque
437 1952 547 2023 culpam
569 1950 783 2017 vindicandam,
814 1969 902 2010 nocco
931 1952 1035 2009 solidos
1067 1952 1101 2009 sit
1131 1937 1291 2024 culpandis,

235 2048 412 2104 medietatem
434 2047 504 2118 regi,
527 2055 555 2106 et
576 2048 753 2105 medietatem
774 2049 819 2106 cui
840 2049 969 2122 injuriam
990 2050 1074 2106 inlata
1096 2050 1186 2108 luerit.

314 2147 375 2203 19.
417 2145 531 2218 siquis
553 2163 603 2218 pro
625 2145 755 2219 injuriam
776 2164 853 2204 suam
875 2145 1069 2204 vindicandam
1095 2163 1178 2220 super
1198 2163 1294 2218 quem-

235 2259 353 2316 cumque
374 2259 460 2299 manu
481 2251 584 2300 armata
605 2251 651 2300 aut
673 2245 822 2301 exereitum
844 2261 931 2316 usque
959 2244 995 2300 ad
1016 2251 1146 2322 quattuor
1166 2243 1294 2301 homenis

236 2341 265 2396 in
287 2339 347 2396 rico
369 2339 548 2411 intraverent,
572 2342 619 2398 ille
640 2342 717 2414 prior
737 2359 788 2414 pro
809 2341 921 2399 inlecita
942 2342 1131 2415 presumtione
1148 2341 1291 2410 moriatur,

236 2445 282 2495 aut
302 2442 377 2495 certo
398 2445 539 2512 conponat
559 2439 663 2495 solidos
685 2456 791 2509 nocuo,
822 2441 999 2498 medietatem
1019 2440 1089 2512 regi,
1112 2447 1141 2496 et
1160 2439 1294 2498 medieta-

236 2536 356 2592 temoni
377 2533 507 2609 injuriam
528 2537 643 2594 inlatam
664 2537 763 2603 luerit3
795 2545 823 2594 et
844 2538 883 2594 illi
905 2539 953 2612 qui
974 2555 1036 2595 oum
1058 2539 1148 2611 ipsum
1170 2538 1290 2607 luerunt,

180 2684 182 2690 ,
234 2633 257 2690 si
278 2633 360 2691 liberi
380 2639 464 2699 sunt,
494 2633 685 2707 unusquisque
707 2642 855 2706 octogenta
875 2636 979 2693 solidos
1000 2644 1156 2710 conponat,
1188 2635 1294 2692 medie·

235 2737 319 2788 tatem
340 2730 418 2802 regi,
453 2737 480 2787 et
500 2731 677 2788 medietatem
698 2733 741 2790 cui
763 2733 894 2806 iniuriam
915 2751 1042 2806 passum:
1074 2743 1189 2807 excepto
1217 2734 1240 2790 si
1261 2733 1291 2790 in
1331 2737 1337 2750 ‘

234 2828 325 2902 ipsum
347 2830 436 2886 vicum
459 2845 534 2886 casas
550 2829 726 2886 incenderint
746 2832 946 2888 authominem
958 2833 1117 2898 occiserint,
1141 2831 1293 2890 secundum

219 2957 221 2962 ·
235 2926 355 3000 qualiter
375 2925 564 3003 adpreciatum
581 2927 663 2984 luerit
681 2927 719 2985 ita
735 2936 910 3000 conponatur
925 2929 977 2994 illi,
1001 2929 1077 3003 cujus
1094 2947 1170 2987 casas
1185 2930 1293 2986 incesas

123 3089 127 3094 ¹
236 3023 318 3081 luerit
338 3031 385 3080 aut
405 3032 534 3098 parentes
554 3031 601 3082 aut
621 3042 714 3082 servus
737 3027 842 3085 occisus
862 3027 954 3087 luerit.

315 3124 380 3180 2⁰.
422 3121 453 3178 Si
474 3123 536 3195 quis
557 3124 592 3180 de
609 3123 803 3181 exercitalibus
825 3126 924 3182 ducem
944 3141 1024 3181 suum
1038 3124 1237 3197 contempserit
1256 3123 1292 3180 ad

231 3219 376 3290 justitiam,
400 3219 503 3291 rigenti
524 3221 629 3278 solidos
650 3222 709 3292 regi
730 3229 758 3277 et
778 3222 841 3280 doci
862 3239 912 3279 suo
933 3228 1083 3296 conponat

314 3319 371 3374 81.
414 3317 442 3374 si
471 3317 533 3391 quis
560 3319 590 3375 in
621 3319 773 3376 exercitum
798 3321 939 3378 ambolare
968 3319 1166 3394 contempserit
1194 3327 1241 3376 aut
1260 3320 1290 3378 in

234 3416 336 3479 saulce,
361 3414 402 3470 dit
422 3415 480 3486 regi
502 3422 529 3472 et
550 3416 614 3472 doci
634 3433 685 3472 suo
706 3417 811 3474 solidos
832 3436 875 3476 xx.

313 3514 374 3570 ΕΙ.
416 3512 530 3586 Siquis
557 3515 592 3570 de
619 3513 710 3587 ipsum
736 3516 888 3573 exercitum
916 3517 1015 3574 docem
1036 3533 1116 3573 suum
1136 3516 1290 3589 adjustum

234 3627 344 3670 oausam
364 3614 585 3686 persequendam
606 3613 785 3685 denegaverit
804 3615 921 3686 solacia,
946 3615 1135 3688 unusquisque
1149 3622 1293 3688 conponat

234 3709 294 3781 regi
316 3716 343 3766 et
363 3708 427 3766 doci
448 3727 497 3767 suo
519 3710 623 3768 solidos
644 3711 753 3784 viginti.

314 3810 375 3867 88.
417 3808 446 3865 Si
469 3810 525 3865 dox
546 3809 722 3869 exercitalem
743 3827 822 3868 suum
843 3812 1029 3869 molestaverit
1049 3811 1168 3884 injuste,
1192 3813 1291 3884 gastal-

235 3906 296 3964 dius
319 3924 383 3964 eum
403 3907 526 3976 solaciet,
550 3924 694 3982 quousque
715 3908 749 3966 ad
770 3893 955 3983 praesentiam
975 3910 1035 3982 regi
1056 3918 1103 3968 aut
1128 3920 1205 3970 certe
1225 3919 1292 3986 aput

138 4029 139 4032 ¹
235 4004 334 4062 docem
354 4020 434 4062 suum
453 4005 642 4078 adjustitiam
663 4007 805 4079 perducat.

314 4105 375 4160 24.
408 4101 448 4160 'Si
480 4103 631 4175 gastaldius
661 4105 839 4163 exercitalem
874 4120 953 4162 suum
980 4106 1167 4165 molestaverit
1193 4113 1289 4165 contra

235 4200 383 4271 rationem,
407 4201 463 4257 dux
483 4218 546 4258 eum
567 4201 690 4269 solaciet,
714 4220 858 4277 quousque
880 4203 1022 4261 veritatem
1042 4220 1119 4261 suam
1140 4204 1287 4261 invenerit.

314 4297 376 4355 86.
418 4299 447 4355 Si
474 4299 536 4373 quis
565 4316 609 4356 res
635 4317 697 4358 suas
725 4303 760 4359 ab
782 4302 866 4359 aliom
898 4302 926 4359 in
948 4301 1099 4359 exercitum
1119 4301 1287 4374 requisierit,

234 4401 263 4454 et
282 4395 402 4454 noluerit
421 4396 462 4454 illi
483 4398 617 4470 reddere,
651 4406 717 4457 tunc
742 4400 857 4458 ambolit
878 4401 912 4458 ad
935 4401 1052 4466 docem;
1074 4406 1103 4456 et
1122 4399 1144 4456 si
1166 4399 1222 4457 dox
1242 4406 1288 4458 rut
