3048 5130
271 473 314 546 st
663 495 820 544 soranis
843 496 934 544 anors

349 649 426 708 Haeo
446 655 511 706 sunt
530 653 660 722 quattuor
681 664 784 720 genera
804 647 1065 706 manumissionum.
1089 648 1193 707 Tamen
1216 663 1329 706 necesse

270 755 329 820 ιιι,
352 754 466 822 propter
487 747 570 804 futuri
592 747 726 821 temporis
745 746 928 814 memoriam,
956 752 986 804 ιιι
1007 747 1124 820 qualibit
1142 747 1263 806 liberum
1283 751 1330 803 aut

269 848 387 906 liberam
411 845 593 918 thingaverit,
624 846 684 919 ipsa
711 845 891 904 manumissio
918 845 949 903 in
975 847 1078 904 cartola
1098 845 1233 902 libertatis
1253 861 1328 902 com·

269 952 455 1010 memorosum
474 944 535 1002 etsi
546 945 679 1000 cartolam
691 959 748 1000 non
761 942 868 1014 fecerit,
888 949 979 1000 umen
993 944 1106 1001 libertas
1118 943 1142 1001 ei
1159 951 1327 1017 permaneat.

350 1042 437 1100 ”50
459 1039 512 1117 (De
530 1043 603 1112 tilios
623 1040 734 1114 liberti)
776 1040 807 1097 Si
836 1039 951 1097 libertus
976 1041 1024 1113 qni
1045 1040 1160 1100 folfreae
1181 1042 1267 1100 factus
1288 1047 1329 1098 est
1397 1073 1399 1078 ·

269 1141 343 1196 lilius
363 1139 544 1212 dereliquerit
563 1137 729 1209 legetimos,
758 1138 814 1194 sint
833 1138 875 1195 illi
897 1139 1025 1206 be,redis;
1053 1139 1075 1196 si
1097 1139 1185 1204 filias,
1209 1139 1330 1196 babeant

268 1239 359 1308 legem
381 1252 475 1294 suam:
507 1236 530 1292 si
552 1237 706 1304 naturales,
738 1236 909 1293 habeantet
936 1235 988 1308 ipsi
1010 1238 1100 1306 legem
1121 1252 1218 1294 suam:
1252 1242 1279 1292 et
1304 1235 1327 1294 si

269 1350 362 1392 casum
384 1333 531 1390 facientem
552 1332 614 1388 sine
634 1332 746 1390 benedis
762 1338 887 1390 mortuos
903 1332 995 1401 fuerit,
1019 1339 1047 1388 et
1066 1340 1147 1390 antea
1165 1332 1329 1405 judicaverit

268 1448 298 1488 se
318 1431 379 1488 vivo
399 1446 443 1487 res
464 1446 527 1486 suas
547 1431 692 1502 proprias,
726 1430 755 1486 id
777 1438 819 1487 est
839 1432 1018 1488 andecawcre
1039 1438 1067 1487 et
1087 1431 1253 1502 augswern,
1285 1447 1328 1486 sc·

268 1530 391 1588 cundum
410 1530 501 1599 legem
519 1528 780 1600 Langobardorum,
803 1528 958 1586 babeatoui
976 1528 1136 1593 donaverim
1160 1545 1224 1587 nam
1240 1544 1328 1600 quan-

269 1635 327 1684 tum
348 1627 383 1683 dc
404 1642 448 1682 res
468 1625 639 1684 benefactori
656 1638 713 1682 suo
734 1643 784 1694 per
805 1627 911 1685 donum
938 1626 1050 1695 babuit,
1082 1626 1104 1682 si
1126 1642 1172 1682 eas
1199 1642 1256 1681 non
1278 1626 1329 1682 ob-

268 1723 360 1782 licavit
380 1724 408 1780 in
431 1723 597 1793 libertatem,
621 1724 655 1780 ad
673 1723 768 1796 ipsum
783 1731 932 1796 patronum
953 1730 1001 1780 aot
1021 1724 1055 1782 ad
1075 1722 1185 1778 heredis
1205 1723 1264 1795 eius
1285 1740 1328 1780 re-

268 1826 417 1880 vertantur.
458 1823 495 1877 Et
515 1821 537 1877 si
559 1820 658 1894 aliquit
678 1819 707 1876 in
729 1820 857 1890 gasindio
878 1821 962 1877 doces
982 1826 1030 1876 aut
1050 1820 1217 1892 privatorum
1238 1820 1324 1877 borni·

269 1933 338 1976 nom
354 1918 520 1992 obsequium
536 1919 641 1975 donum
660 1916 836 1990 conquisivit,
854 1933 897 1972 res
912 1917 948 1974 ad
965 1918 1129 1975 donatorem
1146 1924 1325 1976 revertantur.

268 2017 345 2075 Alias
365 2033 444 2074 veros
466 2033 520 2086 res,
543 2016 613 2072 sicut
635 2015 808 2080 dictumest,
831 2014 852 2070 si
865 2015 976 2070 heredis
994 2031 1050 2072 non
1068 2015 1257 2100 dereliquerit,
1281 2020 1327 2072 aut

267 2130 297 2171 se
317 2113 379 2173 vivo
399 2131 456 2171 non
475 2113 650 2186 judicaverit,
675 2119 807 2185 patronus
827 2113 959 2169 succedat
978 2113 1049 2169 siout
1069 2114 1185 2185 parenti.

346 2213 435 2268 m.
477 2210 582 2268 Omnes
603 2210 726 2275 libertis,
759 2209 806 2282 qui
828 2227 844 2267 a
864 2210 986 2268 dominis
1006 2210 1062 2266 suis
1083 2211 1273 2280 langobardis
1293 2212 1327 2268 li·

266 2310 402 2368 bertatem
423 2313 594 2378 meruerunt,
617 2307 725 2378 legibus
746 2307 924 2365 dominorum
945 2315 973 2364 et
993 2308 1214 2366 benefactoribus
1237 2309 1325 2366 vivere

267 2407 402 2475 deveant,
426 2407 580 2463 secundum
601 2405 721 2479 qualiter
741 2422 757 2462 a
778 2405 899 2463 dominis
926 2405 984 2462 suis
1006 2405 1126 2478 propriis
1151 2407 1191 2464 eis
1211 2423 1326 2465 conces·

267 2521 328 2562 snm
349 2503 438 2563 fuerit.

346 2604 428 2660 m.
450 2600 502 2676 (De
522 2605 699 2674 ernptioniboa
716 2611 740 2658 ot
755 2601 976 2678 vendicionibus.)
998 2601 1029 2658 Si
1051 2603 1113 2676 quis
1134 2605 1327 2677 conparaverit

266 2707 380 2771 terram,
400 2700 430 2756 id
451 2706 492 2756 cst
511 2701 601 2757 solum
618 2700 825 2757 aedificandum
846 2706 893 2758 aut
913 2717 976 2758 casa
995 2701 1172 2774 mancipiala,
1195 2710 1223 2759 ct
1242 2703 1326 2776 quin·

267 2815 322 2872 que
349 2814 438 2855 annos
462 2797 536 2855 inter
563 2807 707 2870 presentes
727 2813 861 2871 personas
882 2798 1053 2870 possederit,
1086 2806 1237 2874 posteaque
1265 2801 1324 2874 ipse

266 2895 388 2954 vinditnr
408 2903 455 2954 aot
481 2896 593 2954 heredis
613 2897 671 2970 ejus
692 2897 868 2970 pulsaverent
888 2896 1008 2952 dicendo
1029 2898 1105 2970 quod
1133 2899 1323 2972 praestetissit,

267 3010 331 3053 nam
353 3011 409 3051 non
432 2993 612 3052 vindedissit:
636 2994 765 3051 ostendat
784 2993 894 3052 libellus
911 2993 1027 3066 scriptus
1048 2996 1095 3052 nbi
1111 3003 1223 3068 rogatus
1236 2997 1326 3054 fuissit

266 3090 415 3164 prestandi.
458 3091 538 3152 Etsi
558 3091 668 3149 libellus
690 3109 746 3148 non
772 3091 918 3157 habuerit,
941 3092 1011 3148 nibil
1032 3092 1101 3150 aliut
1120 3094 1202 3152 faciat
1222 3101 1322 3165 emtor,

266 3189 321 3248 nisi
341 3197 451 3264 prevent
477 3197 681 3261 sagramentum
703 3189 856 3247 secundum
877 3189 1038 3263 qualitatem
1059 3193 1215 3264 peguniae,
1248 3192 1324 3266 qood

266 3307 329 3346 cnm
350 3288 485 3362 praetium
505 3305 585 3346 suum
606 3304 649 3344 res
670 3288 743 3360 ipsas
764 3287 949 3360 conparassit,
979 3304 1031 3345 nec
1052 3289 1131 3346 alteri
1154 3291 1254 3348 debeat
1274 3306 1324 3364 per
1370 3341 1375 3350 .

259 3369 356 3458 'legem
366 3387 504 3443 dimittere
515 3403 524 3451 3
539 3392 605 3442 tunc
620 3387 708 3444 leccat
717 3386 833 3442 firmiter
845 3385 993 3458 possedere
1005 3388 1081 3460 quod
1090 3387 1142 3446 sibi
1154 3392 1322 3462 conparavit.

345 3485 432 3542 228.
454 3483 510 3558 (De
528 3482 715 3558 pmsessiooe.)
747 3482 777 3539 Si
798 3483 859 3555 quis
880 3483 965 3542 alium
986 3485 1021 3540 de
1042 3471 1101 3542 rem
1122 3485 1254 3543 mobilem
1275 3494 1323 3543 ant

265 3579 431 3638 inmobilem
453 3580 602 3653 pulsaverit
621 3580 698 3654 qood
721 3581 823 3637 malum
840 3579 938 3637 ordine
956 3582 1113 3653 possedeat,
1135 3589 1164 3640 et
1180 3599 1323 3655 possessor

266 3679 416 3750 negaverit,
440 3679 477 3735 ita
499 3678 707 3751 prospeximus,
745 3679 822 3752 quod
850 3678 873 3734 si
902 3695 952 3751 per
973 3695 1062 3736 annos
1087 3681 1212 3753 quinque
1239 3681 1322 3739 fuerit

264 3776 424 3850 possessio,
453 3782 518 3832 lunc
542 3775 590 3833 ille
620 3776 667 3850 qui
697 3776 821 3850 possedit
848 3784 895 3834 aut
920 3792 970 3848 per
994 3786 1200 3850 sagramentum
1221 3778 1322 3836 debeat

266 3891 379 3947 negare,
402 3881 449 3931 aut
469 3889 520 3946 per
540 3889 661 3946 pugnam
683 3873 834 3933 defendere
854 3874 877 3930 si
899 3875 1029 3946 potuerit.

344 3974 432 4030 119.
454 3968 712 4045 (Quirenoltcnom
722 3968 964 4045 oetootndedertt.)
986 3971 1016 4028 Si
1037 3972 1099 4045 quis
1114 3988 1175 4029 rem
1187 3975 1318 4043 alienam,

265 4068 295 4128 id
314 4075 356 4128 est
375 4085 453 4126 servo
474 4074 522 4125 ant
540 4067 640 4125 ancilla
661 4083 711 4124 seu
731 4067 798 4126 alias
826 4084 891 4137 res,
914 4068 1004 4125 sciens
1025 4063 1130 4127 alienas
1156 4088 1233 4138 esse,
1261 4087 1319 4128 non

264 4183 336 4237 suas,
358 4167 526 4239 ubicumque
541 4165 782 4237 transvindcderit,
806 4172 834 4223 ιι
847 4166 990 4224 inventum
1005 4174 1052 4224 aut
1066 4174 1209 4240 provatum
1226 4168 1318 4240 fuerit,

265 4262 295 4319 in
315 4262 436 4333 actogild
456 4280 517 4321 eam
537 4262 677 4329 restituat;
700 4263 770 4320 etsi
791 4279 842 4336 per
861 4262 1049 4334 ignorantiam
1065 4265 1230 4336 vindederit,
1253 4271 1319 4322 tunc

265 4367 376 4432 preveat
388 4366 593 4430 sagramentum
613 4360 688 4434 quod
706 4361 822 4419 credens
837 4377 916 4418 suum
928 4351 1100 4430 vindedissit,
1121 4369 1148 4418 et
1164 4361 1260 4420 reddat
1275 4379 1320 4420 ca·

265 4462 315 4529 put
334 4472 396 4514 cum
418 4456 556 4514 notrirnen
577 4473 657 4514 suum
678 4457 796 4530 qualiter
816 4457 876 4520 scit.
