3022 5144
1192 507 1354 588 rcx

224 690 404 765 gementum
439 701 500 764 quo
530 683 639 748 ductus
669 705 778 750 vocem
809 688 940 751 otbtcrti
963 688 1111 768 praetuli,
1146 697 1232 770 patet

225 797 307 860 enim
338 805 512 878 temporum
544 797 716 860 infelicitati
754 807 849 880 atque
877 800 1001 881 inopiae
1034 803 1150 883 optime
1182 823 1232 864 re·¹

224 911 380 992 spondere
404 911 543 974 cancello
566 911 735 993 abiegnea:
763 931 803 974 en
827 913 920 976 etiem
945 914 1073 978 huiusce
1089 896 1242 978 vocabuit

223 1042 338 1087 novum
372 1023 581 1113 testimonium
614 1025 775 1106 hucusque
805 1045 868 1088 uno
890 1035 1018 1102 *tantum
1051 1027 1137 1090 Pauli
1160 1029 1230 1089 loeo

224 1135 428 1216 comprobati.
477 1134 676 1200 Consuetudo
718 1137 776 1199 ista
812 1141 874 1200 non
910 1138 1006 1200 definit
1039 1141 1121 1221 apud
1160 1160 1228 1214 nos,

223 1249 362 1312 videmus
387 1249 523 1312 enimin
548 1250 777 1330 pedemontana
795 1251 967 1332 provincia,
993 1253 1175 1333 praesertim
1199 1254 1230 1314 in

223 1361 311 1444 pagis
335 1361 374 1423 ad
397 1361 514 1444 alpium
536 1362 673 1434 radices,
708 1363 838 1426 rusticas
869 1365 964 1426 aedes
996 1364 1147 1430 fenestras
1176 1365 1232 1428 ba-

225 1476 335 1548 bentes
358 1475 518 1558 abiegneis
541 1475 699 1548 cancellis,
714 1469 949 1555 cratisinstar,
974 1478 1158 1552 instructas,
1182 1499 1233 1545 re-

204 1587 304 1668 gulis
326 1587 369 1652 ita
392 1587 549 1670 dispositis
572 1597 605 1650 ut
636 1608 741 1650 earum
771 1589 1002 1670 compactiones
1026 1591 1234 1672 quincuncem

205 1699 366 1767 referant.
407 1699 621 1764 Cancellorum
646 1701 695 1762 vel
719 1701 896 1783 pluteorum
912 1701 1085 1784 fragmenta
1103 1703 1236 1784 plurima

226 1813 340 1874 Romae
371 1811 471 1877 adbuc
495 1813 655 1887 visuntur,
690 1822 895 1896 constantque
918 1816 1053 1879 maxima
1078 1835 1117 1878 ex
1133 1825 1239 1896 parte*

226 1925 408 2010 transveqsis
431 1925 546 2008 regulis
570 1927 762 2000 marmoreis,
797 1947 856 1988 nec
879 1927 939 1989 alia
962 1927 1075 2006 desunt
1094 1948 1154 2008 per
1177 1928 1235 1993 cir·

227 2037 286 2104 culi
310 2047 415 2120 partes
439 2039 540 2118 ducta,
572 2039 678 2101 addito
712 2047 965 2102 ornamentorum
994 2039 1165 2108 lenocinio:
1196 2041 1235 2101 de

226 2150 287 2215 illis
309 2151 522 2216 disseruerunt
546 2159 577 2212 et
599 2149 756 2214 schemata
776 2151 984 2216 exbibuerunt
998 2151 1232 2224 Winkeimann‚

226 2263 375 2338 Piranesi,
402 2263 524 2347 Uggeri‚
552 2263 670 2326 Canina
700 2263 816 2348 aliique
847 2274 1044 2330 romanarum
1069 2263 1235 2344 antiquita-

226 2385 290 2438 tum
315 2376 525 2458 expositcres:
557 2377 581 2438 si
608 2378 652 2454 de
684 2376 820 2458 antiquis
851 2376 998 2440 cancellis
1021 2385 1147 2456 agatur,
1179 2376 1236 2438 ho-

227 2489 326 2552 dierni
350 2486 510 2551 architecti
534 2490 593 2551 sub
615 2489 711 2571 plutei
735 2488 886 2552 vocabulo
912 2508 949 2550 ea
972 2489 1130 2558 denotant.
1167 2490 1236 2570 Lig-

227 2621 286 2668 nea
319 2601 457 2667 cancella
489 2593 731 2668 marmoreorum
763 2601 899 2682 speciem
932 2608 964 2664 et
987 2601 1237 2664 distributionem

228 2714 405 2776 necessario
428 2713 619 2794 praeferunt,
654 2722 763 2794 utpote
787 2733 867 2796 quae
891 2713 1016 2796 aliquo
1040 2715 1080 2776 ad
1104 2735 1237 2778 marmor

228 2835 299 2888 sunt
322 2845 483 2898 conversa,
509 2826 670 2901 immutate
694 2826 809 2919 specie.
997 2823 999 2830 '

316 2941 348 3000 Si
369 2958 433 3000 cero
459 2960 565 3018 pruma
593 2942 708 3020 feccrit,
746 2951 867 3022 quantos
896 2945 982 3021 pedes
1011 2943 1114 3002 tatem
1142 2953 1238 3004 tactae

227 3053 344 3130 siliquas
366 3055 468 3115 lebant.
518 3053 630 3114 Peuma
664 3053 739 3115 mibi
770 3055 853 3116 idem
877 3062 925 3116 est
954 3054 1036 3135 quod
1068 3072 1178 3135 pegma
1203 3059 1235 3128 (a

227 3183 341 3244 graeco
366 3163 478 3248 πῆγμα)
504 3165 607 3250 lignea
633 3167 775 3228 machina
800 3165 903 3230 multis
926 3166 1084 3228 declarata*
1098 3171 1236 3227 veterum

228 3277 410 3357 scriptorum
439 3277 515 3343 locis
539 3279 621 3359 apud
636 3279 862 3342 *Forcellinium
887 3284 922 3355 et
942 3279 1151 3359 ducangium:
1183 3297 1236 3359 ge-

228 3389 335 3458 nerice
355 3391 480 3480 gaudet
511 3406 605 3454 sensu
635 3411 697 3454 vox
720 3392 798 3464 ista,
832 3389 922 3452 sicuti
954 3393 1037 3471 apud
1064 3391 1158 3456 italos
1189 3409 1238 3452 re-

228 3475 413 3582 spondentia
436 3504 589 3586 vocabuia
609 3507 710 3584 paleo,
742 3507 950 3584 impetratura,
983 3482 1048 3564 sive
1072 3503 1234 3570 tabulatio,

229 3633 373 3696 quaeque
398 3623 428 3677 et
451 3623 635 3678 structorum
659 3615 818 3678 machinas
835 3614 1020 3697 significant,
1048 3623 1078 3678 et
1101 3615 1238 3697 ligneum

230 3727 359 3807 podium
383 3727 566 3808 quodlibet,
601 3735 632 3790 et
654 3728 780 3791 aedium
802 3729 1049 3810 contignationes
1072 3729 1235 3806 tabulatae,

230 3840 326 3922 vulgo
348 3839 469 3906 solaria.
517 3842 564 3902 De
591 3841 704 3904 solario
739 3859 815 3903 vero
839 3841 955 3906 mentio
985 3841 1110 3922 quidem
1135 3839 1239 3900 habita

230 3955 251 4032 ξ
274 3951 393 4026 CLVII,
420 3953 729 4016 animadvertendum
749 3963 853 4018 tamen
867 3973 979 4018 uocem
992 3954 1082 4016 istam
1101 3949 1240 4014 inferiori

231 4073 332 4128 aetate
356 4065 511 4148 duplicem
529 4063 674 4128 babuisse
692 4067 961 4146 siqniliomiouem
988 4085 1118 4148 quarum
1143 4066 1239 4130 altera
1278 4065 1281 4080 '

199 4157 202 4166 ’
230 4177 446 4242 indicabantur
469 4179 591 4242 aedium
616 4181 793 4262 superiores
823 4179 1070 4267 contignationes
1100 4176 1125 4263 (i
1141 4175 1238 4258 picci,

232 4309 362 4372 quarum
386 4310 448 4353 una
475 4299 612 4364 tantum,
645 4292 736 4355 sclito
771 4312 874 4365 more,
907 4289 1022 4439 credi*
1038 4290 1135 4354 altera
1166 4309 1240 4352 vero
