3022 5144
135 539 140 544 .
237 492 298 554 tao
631 515 796 560 auvsrnnsv
820 513 918 570 nucis,

312 663 397 738 (ΠΙ.)
427 666 485 721 11.
519 665 706 736 Cognovimus
732 666 808 722 enim
835 665 997 722 multotiens
1017 667 1140 738 perfidos
1160 668 1290 724 homines

232 768 329 822 contra
357 762 528 819 voluntatem
557 769 703 834 parentum
727 763 920 820 detunctorum
946 780 1059 820 suorum
1087 781 1189 838 agere,
1221 767 1289 822 dnm

232 862 286 935 ipsi
307 878 357 934 pro
380 859 526 916 animabus
546 861 602 917 suis
624 877 673 932 per
702 863 761 916 loca
787 860 956 918 venerabilia
983 879 1027 918 res
1052 878 1115 920 suas
1135 863 1290 920 destribue-

232 962 310 1024 bant,
334 964 362 1014 et
381 958 585 1031 pertinentibus
605 958 661 1014 suis
682 958 836 1029 simplicem
857 959 1012 1016 libertatem
1040 976 1103 1016 cum
1124 961 1207 1016 rebus
1228 961 1290 1032 qui-

231 1059 354 1115 buslibet
373 1056 535 1118 donabant3
565 1063 593 1111 et
613 1071 675 1111 eum
698 1055 763 1126 ipsis
785 1055 944 1112 bominibus
965 1071 1016 1128 per
1036 1057 1134 1114 astutia
1155 1059 1287 1130 agebant,

232 1164 260 1211 et
279 1171 327 1211 eos
348 1171 364 1210 a
384 1154 441 1209 suis
462 1153 610 1225 cespitibus
627 1155 794 1208 removentis
816 1155 843 1208 in
856 1171 935 1209 suum
947 1155 1088 1211 servitium
1105 1155 1287 1226 replicabant,

231 1252 410 1325 postmodum
431 1251 586 1306 libertatem
607 1251 688 1306 simul
711 1257 738 1304 et
760 1266 802 1306 res
824 1252 995 1311 amittebant.
1018 1252 1086 1308 ldeo
1108 1252 1287 1323 previdimus,

233 1352 304 1406 hanc
325 1364 450 1404 resecare
471 1347 622 1415 malitiam,
656 1357 685 1402 ut
713 1351 840 1404 voluntas
861 1356 888 1403 et
909 1348 1048 1405 ordinatio
1076 1351 1215 1421 inpleatur
1242 1350 1291 1406 de-

232 1447 334 1502 functi:
367 1454 394 1502 et
415 1446 451 1501 ita
474 1445 631 1513 sancimus,
665 1453 693 1500 ut
714 1447 736 1501 si
759 1447 821 1518 quis
841 1447 1042 1517 Langobardos
1064 1462 1113 1518 per
1135 1449 1238 1503 cartola
1258 1450 1288 1502 in

233 1545 377 1601 sanitatem
400 1551 446 1600 aut
466 1543 652 1613 egritudinem
673 1560 750 1599 suam
772 1559 816 1598 res
837 1559 899 1600 suas
920 1544 1104 1613 ordinaverit,
1137 1552 1165 1600 et
1190 1545 1292 1601 dixerit

233 1659 279 1699 eas
300 1642 403 1699 habere
424 1642 486 1697 loca
507 1640 693 1709 venerabilia,
717 1648 744 1696 et
766 1641 882 1699 familias
903 1657 953 1713 per
974 1659 1028 1714 que
1050 1658 1093 1698 res
1114 1643 1188 1715 ipsas
1209 1659 1291 1698 exco-

230 1742 324 1796 luntur
344 1739 446 1795 liberas
468 1754 528 1794 esse
549 1739 667 1806 dixerit,
699 1739 786 1794 libera
809 1740 834 1794 ei
856 1740 892 1795 sit
911 1747 1052 1811 potestas;
1084 1741 1106 1795 si
1138 1741 1240 1797 dixerit
1261 1747 1291 1795 ut

229 1839 258 1895 in
279 1838 346 1910 ipsis
366 1836 505 1906 religiosis
526 1837 595 1892 locis
612 1836 751 1891 redditum
774 1835 884 1904 iaciant,
909 1837 1062 1893 seeundum
1083 1837 1169 1908 ipsius
1190 1844 1289 1893 statuta

230 1935 349 1991 reddant
378 1933 455 1988 omni
485 1940 610 2004 tempore
638 1934 715 2004 juxta
741 1933 848 1989 domini
874 1935 915 1989 sui
948 1934 1157 2006 preceptionem
1187 1935 1240 2006 ipsi
1262 1942 1290 1992 et

231 2033 282 2114 lilii
302 2032 424 2088 filiorum
440 2031 562 2099 illorum,
586 2038 614 2085 et
634 2031 689 2086 sint
709 2031 790 2086 liberi
812 2034 847 2090 de
868 2023 924 2088 sviis
942 2032 1289 2102 personissicutdominus

231 2147 328 2186 eorum
348 2129 514 2191 instituerit,
548 2134 575 2182 et
605 2128 640 2182 ab
662 2129 719 2200 ejus
741 2129 889 2184 heredibus
911 2145 968 2184 non
990 2129 1177 2202 replicentur,
1202 2147 1289 2188 neca

231 2227 287 2284 suis
307 2226 459 2297 cespitibus
478 2232 673 2292 remorantur,
704 2225 752 2280 sed
780 2227 815 2282 ab
836 2227 903 2297 ipsis
926 2225 1129 2284 venerabilibus
1151 2229 1220 2284 loeis
1241 2229 1290 2283 de·

232 2326 391 2390 lensentur,
424 2329 541 2395 excepto
569 2323 592 2378 si
614 2338 662 2377 sua
685 2323 825 2380 voluntate
857 2323 994 2380 voluerint
1021 2325 1114 2392 crire,
1148 2324 1289 2382 licentiam

230 2422 352 2478 babeant
371 2420 400 2476 in
422 2420 548 2476 libertate
569 2436 617 2475 sua
639 2421 731 2488 exire,
755 2427 783 2476 et
804 2421 893 2476 vivere
915 2422 962 2478 ubi
985 2422 1131 2478 voluerint.
1174 2423 1244 2478 Nam
1265 2423 1287 2478 si

230 2519 350 2576 adfinis
371 2519 467 2574 mortis
489 2518 688 2590 properaverit,
712 2519 749 2573 ita
771 2525 801 2573 ut
822 2535 874 2574 nec
895 2520 1022 2588 thingare
1045 2519 1187 2576 bominem
1208 2537 1288 2576 sunm

232 2615 335 2688 possit,
366 2633 457 2688 neque
487 2615 516 2670 in
538 2631 622 2672 manu
647 2614 798 2671 sacerdotis
826 2615 935 2671 tradere
957 2616 1029 2672 circa
1050 2617 1148 2673 altario
1170 2617 1289 2674 liberum

231 2713 447 2782 dimittendum,
477 2721 590 2784 propter
610 2713 779 2769 subitarium
800 2720 935 2781 mortem,
960 2721 988 2768 et
1008 2713 1157 2772 instituerit
1176 2723 1207 2771 ut
1227 2724 1290 2788 post

230 2812 339 2868 obitum
360 2811 418 2884 ejus
439 2826 489 2882 per
510 2826 623 2866 manum
638 2810 793 2866 ,sacerdotis
815 2811 928 2882 qualem
949 2811 1134 2880 designaverit
1154 2813 1226 2869 cirea
1247 2829 1290 2870 sa-

232 2927 280 2967 cro
306 2909 404 2966 altario
426 2907 526 2963 deduci
549 2907 701 2962 debeatur:
732 2923 813 2962 causa
834 2907 1019 2964 miserationis
1041 2910 1232 2979 decrevimus,
1260 2917 1290 2966 ut

232 3009 303 3065 sieut
323 3006 453 3064 dominus
474 3021 571 3061 eorum
591 3004 748 3076 preceperit
767 3005 805 3060 ita
826 3005 982 3077 inpleatur,
1006 3014 1034 3062 et
1054 3008 1184 3063 sacerdos
1205 3023 1289 3080 quem

231 3104 417 3176 designaverit
437 3121 500 3162 eum
521 3105 625 3176 absque
647 3104 843 3176 cujuscumque
865 3101 1085 3162 contradictione
1105 3106 1239 3176 absolvat,
1263 3113 1291 3160 et

232 3203 304 3260 liber
325 3210 504 3275 permaneat;
527 3202 592 3274 quia
614 3201 734 3257 maxima
757 3202 855 3258 mercis
877 3203 960 3259 uobis
980 3220 1041 3259 esse
1062 3203 1180 3272 videtur,
1203 3210 1234 3259 ut
1253 3204 1288 3260 de

231 3301 344 3357 servitio
369 3299 441 3356 servi
473 3301 507 3357 ad
538 3298 693 3356 libertatem
720 3299 910 3365 deducantur;
947 3317 980 3356 eo
1014 3301 1089 3372 quod
1121 3301 1290 3372 Redemptor

231 3399 332 3455 Noster
351 3413 444 3454 servus
466 3397 527 3454 fieri
549 3397 759 3467 dignatusest,
792 3405 823 3453 ut
844 3414 895 3454 nos
920 3398 1075 3454 libertatem
1098 3400 1216 3457 donarit.
1259 3399 1288 3456 Si

232 3513 297 3552 vero
319 3495 425 3568 aliquid
447 3496 471 3550 ei
493 3495 522 3551 in
538 3495 599 3565 ipso
614 3494 687 3550 exito
710 3512 760 3551 suo
776 3496 922 3552 donaverit
937 3503 985 3552 aut
1001 3497 1106 3552 donare
1122 3498 1286 3568 preceperit,

231 3593 337 3651 stabilis
359 3593 385 3649 ei
406 3593 465 3665 ipsa
481 3592 595 3647 donatio
612 3601 789 3663 permaneat;
813 3593 877 3665 quia
895 3594 1025 3666 Apostoli
1041 3595 1119 3650 Pauli
1141 3595 1289 3650 auotoritas

231 3693 348 3748 monime
369 3693 406 3746 ed
426 3693 581 3746 domesticos
609 3693 673 3760 fidei
703 3691 872 3748 beneficium
902 3701 1040 3764 praestare
1058 3692 1139 3764 J'ubit.
1181 3693 1217 3747 Et
1237 3708 1288 3764 pro

232 3788 375 3860 launegild
396 3788 538 3860 inputetur
559 3788 585 3842 ei
606 3788 747 3844 servitium
764 3805 854 3853 suum,
879 3806 913 3846 eo
934 3790 1010 3862 quod
1028 3805 1122 3846 servus
1143 3789 1290 3846 nonhabit

233 3885 308 3942 unde
329 3885 396 3942 aliut
416 3884 559 3954 launegild
580 3884 605 3940 ei
627 3885 719 3941 iaciat.

313 3981 407 4057 (llll.)
429 3986 487 4041 18.
509 3986 535 4038 A
558 3983 657 4038 nostris
678 3983 869 4039 decessoribus
888 3985 945 4055 jam
966 3992 1047 4039 antea
1068 3992 1108 4039 est
1121 3985 1286 4054 institutum,

233 4086 265 4135 ut
290 4081 489 4151 langobardus
519 4087 683 4152 potestatem
710 4079 811 4135 babeat
837 4080 924 4135 filium
956 4097 1035 4136 suum
1060 4080 1114 4136 sibi
1140 4083 1213 4146 benc
1232 4098 1288 4137 scr·

233 4177 354 4233 vientem
375 4177 410 4234 de
432 4179 513 4234 rebus
534 4177 590 4234 suis
611 4177 777 4241 meliorare3
809 4177 844 4232 de
866 4177 974 4234 filiabus
996 4193 1052 4233 non
1074 4180 1285 4236 contenebatur.

232 4274 300 4331 Ideo
320 4274 483 4344 statuimus,
515 4284 545 4332 ut
574 4275 596 4331 si
624 4274 691 4330 duas
712 4275 783 4330 filias
803 4274 950 4338 habuerit,
983 4280 1010 4330 et
1035 4273 1123 4330 silium
1147 4293 1203 4332 nou
1225 4276 1289 4333 reli-

234 4373 340 4444 querit,
381 4379 502 4444 potcstas
532 4374 558 4430 ei
587 4372 623 4428 sit
654 4388 738 4430 unam
766 4371 852 4429 filiam
887 4388 982 4436 suam,
1016 4372 1127 4444 qualem
1159 4373 1285 4443 voluerit,

233 4469 379 4528 meliorare
406 4469 515 4528 tertiam
547 4475 652 4541 partem
686 4469 720 4526 de
750 4470 833 4529 rebus
863 4469 935 4537 suis,
968 4477 996 4526 et
1025 4470 1048 4526 si
1084 4477 1139 4527 tres
1172 4471 1285 4540 luerint,
