3022 5144
572 579 710 625 nurerum
733 577 800 626 cum
815 574 842 620 ra
854 597 880 606 -
896 573 930 620 rc.
1207 559 1271 622 12⁷

215 740 341 807 quartam
373 737 498 806 partem;
540 739 568 788 et
599 730 622 788 si
648 730 766 805 amplius
794 729 914 799 fuerint,
945 745 996 802 per
1027 728 1100 788 bane
1133 731 1271 789 rationem

215 836 390 905 conputetur.

296 927 352 1000 (V.)
387 930 446 984 14.
476 927 512 982 Et
541 927 642 982 iterum
670 927 692 982 si
724 927 787 998 quis
810 925 1010 994 Langobardos
1035 925 1167 982 decidens
1192 928 1272 985 uxori

215 1043 264 1082 sue
284 1027 485 1083 usumfructum
506 1026 541 1080 de
561 1025 644 1080 rebus
670 1024 727 1079 suis
758 1023 884 1095 judicare
914 1023 1045 1088 voluerit,
1076 1031 1104 1080 et
1132 1024 1206 1081 filius
1230 1027 1272 1082 vel

215 1124 285 1180 filias
306 1141 340 1180 ex
362 1141 393 1179 ea
415 1122 570 1195 reliquerit,
593 1137 651 1176 uon
673 1119 791 1192 amplius
811 1120 837 1177 ei
858 1135 910 1192 pro
931 1120 1130 1178 usumfructum
1148 1122 1274 1195 judicare

215 1221 318 1293 possit,
351 1236 434 1293 quam
455 1220 632 1276 medietatem
654 1235 688 1274 cx
709 1233 757 1273 sua
779 1217 942 1281 substantia.
966 1233 1053 1289 super.
1069 1220 1131 1275 illut
1151 1221 1227 1292 quod
1246 1221 1273 1278 ei

215 1319 243 1373 in
265 1318 428 1389 morgincap
450 1324 478 1372 et
497 1323 598 1372 metam
620 1316 772 1371 secundum
794 1318 885 1386 legem
906 1316 1001 1372 datum
1022 1317 1111 1375 fuerit.
1139 1318 1175 1374 Et
1195 1318 1218 1373 si
1239 1319 1273 1374 fl-

215 1416 268 1471 lius
294 1421 341 1472 aut
361 1415 432 1472 filias
463 1431 497 1470 ex
527 1413 581 1470 alia
599 1430 686 1469 uxore
714 1413 861 1484 reliquerit
887 1429 974 1468 unum
995 1419 1042 1470 aut
1063 1414 1153 1481 duos,
1187 1417 1274 1487 possit
1330 1407 1336 1420 ‘

215 1512 294 1568 uxori
316 1529 381 1568 suae
403 1513 481 1568 tertia
497 1512 656 1583 portionem
670 1511 705 1566 ad
717 1511 918 1566 usumfructum
933 1510 1111 1584 relinquere3
1133 1513 1156 1569 si
1172 1514 1275 1570 fuerint

216 1618 293 1692 tres,
305 1617 431 1682 quartam
445 1617 573 1682 partem;
601 1609 623 1664 si
646 1616 738 1665 autem
757 1608 876 1679 amplius
894 1607 991 1678 fuerit,
1015 1623 1064 1680 per
1086 1609 1139 1665 boc
1156 1627 1272 1669 numero

215 1716 393 1780 conputetur.
415 1707 580 1778 Morgincap
601 1712 630 1761 et
649 1711 733 1774 meta,
757 1704 832 1776 quod
854 1705 880 1760 ei
898 1705 1007 1775 legibus
1025 1705 1151 1777 dataest,
1176 1709 1275 1767 babeat

215 1806 357 1862 inantea.
402 1805 431 1861 Si
458 1804 572 1876 quidem
595 1801 720 1874 nupserit
741 1808 836 1874 postca
858 1810 904 1858 aut
930 1809 1037 1859 mortua
1059 1803 1158 1874 fuerit,
1183 1823 1275 1863 usum·

216 1904 335 1960 fructum
366 1904 395 1960 in
422 1904 564 1973 integrum
595 1902 630 1957 ad
653 1901 769 1957 heredes
790 1908 957 1967 revertatur3
991 1901 1026 1958 de
1053 1908 1126 1958 meta
1152 1920 1219 1960 uero
1248 1911 1276 1961 et

214 2003 377 2074 morgincap
399 2001 447 2057 flat
467 2000 620 2056 secundum
641 1999 810 2056 anteriorem
831 1999 971 2055 Edictum.

295 2097 372 2173 (Vr.)
402 2099 462 2155 to.
484 2098 615 2154 Pervenit
635 2098 670 2153 ad
692 2113 754 2165 nos,
777 2096 853 2168 quod
875 2097 941 2154 dum
962 2098 1076 2170 quidam
1097 2098 1218 2156 bominis
1239 2099 1275 2156 ad

214 2197 419 2269 suscipiendam
440 2211 572 2268 sponsam
593 2195 738 2268 cujusdam
757 2195 853 2267 sponsi
880 2211 943 2252 cum
967 2197 1149 2269 paranimpba
1170 2206 1199 2254 et
1218 2205 1275 2255 tro-

214 2295 315 2366 ctingis
340 2296 536 2362 ambularent,
567 2293 688 2366 perversi
717 2293 838 2350 bominis
866 2310 967 2366 aquam
995 2295 1137 2359 sordidam
1159 2303 1186 2352 et
1206 2303 1275 2354 ster·

214 2408 341 2448 coronam
362 2409 446 2465 super
465 2391 525 2464 ipsa
542 2391 675 2463 jactassit.
718 2390 776 2446 Sed
803 2390 869 2461 quia
896 2392 1077 2462 cognorimus
1097 2395 1201 2451 malum
1222 2395 1276 2451 boc

215 2505 266 2562 per
285 2489 394 2560 singula
415 2491 476 2546 loca
497 2487 569 2556 fieri,
593 2487 772 2560 previdimus,
797 2502 832 2543 ne
853 2503 903 2559 pro
926 2487 997 2545 banc
1013 2506 1124 2547 causam
1145 2493 1275 2550 scandala

216 2588 257 2644 vel
278 2586 444 2643 homicidias
465 2593 590 2656 surgant,
614 2591 644 2641 ut
664 2585 686 2642 si
708 2585 891 2657 quiscumque
912 2585 984 2641 liber
1005 2586 1089 2642 bomo
1111 2591 1194 2646 talem
1215 2606 1274 2647 rem

215 2683 305 2742 facere
325 2683 510 2756 temptaverit,
533 2690 676 2755 conponat
696 2682 801 2739 solidos
817 2681 979 2752 nonientus,
1003 2685 1180 2743 medietatem
1201 2687 1272 2758 regi,

214 2788 241 2839 et
261 2782 439 2840 medietatem
459 2782 494 2838 ad
516 2780 669 2838 mundoaid
696 2781 764 2854 ejus.
807 2781 877 2837 Nam
904 2780 928 2838 si
953 2783 1125 2854 pertinentes
1153 2785 1275 2842 bominis

215 2880 268 2937 boc
289 2879 407 2937 fecerint
426 2879 487 2936 sine
508 2880 677 2936 voluntatem
697 2877 807 2934 domini
828 2879 887 2948 sui,
920 2886 949 2936 et
968 2896 998 2936 se
1019 2881 1157 2938 'dominus
1178 2899 1275 2940 eorum

215 2977 361 3049 purificare
382 2992 433 3049 per
453 2983 656 3034 sacramentum
677 2993 758 3034 ausus
779 2977 861 3032 fuerit
883 2978 959 3050 quod
988 2993 1039 3034 nec
1064 2995 1127 3037 cum
1148 2979 1207 3052 ejus
1228 2997 1276 3036 vo-

215 3076 349 3131 luntatem
377 3091 429 3130 nec
462 3074 582 3131 consilio
611 3076 653 3131 vel
675 3090 844 3132 consensum
864 3074 966 3132 factum
987 3074 1100 3139 fuisset,
1128 3077 1201 3133 servi
1221 3077 1275 3150 ipsi

216 3173 360 3229 tradantur
380 3172 409 3228 in
428 3188 527 3229 manus
548 3173 583 3228 de
598 3172 751 3229 mundoaid
772 3172 841 3245 ejus,
864 3180 892 3228 et
911 3172 971 3245 ipse
987 3172 1069 3230 faciat
1089 3174 1124 3230 de
1146 3175 1186 3230 eis
1198 3175 1274 3248 quod

217 3271 244 3327 ei
266 3271 420 3344 placuerit,
451 3276 479 3326 et
505 3271 624 3342 amplius
649 3277 784 3343 patronus
806 3270 945 3328 calumnia
973 3287 1029 3327 non
1052 3272 1173 3338 babeata
1203 3273 1275 3329 etsi

213 3369 306 3441 jurare
336 3384 394 3423 non
422 3368 639 3442 presumpserit,
670 3374 812 3441 conponat
841 3368 913 3426 sicut
939 3383 1021 3441 supra
1048 3370 1150 3440 legitur
1171 3371 1275 3427 solidos

216 3473 384 3536 nungentos.

298 3562 356 3621 Vll.
385 3565 447 3620 16.
479 3562 509 3618 Si
530 3564 592 3634 quis
612 3562 812 3632 Langobardus
833 3577 898 3619 cum
917 3562 1109 3635 pontificibus,
1134 3565 1272 3631 abatibus,

216 3664 257 3718 vel
280 3661 442 3717 custodibus
463 3660 657 3724 ecclesiarum,
688 3672 735 3714 seo
763 3659 1022 3716 exenodochiorum
1042 3661 1209 3733 prepositis,
1239 3664 1275 3720 de

216 3753 437 3832 quibuscumque
457 3757 541 3813 rebus
561 3757 786 3813 convenientiam
807 3757 913 3824 fecerit,
938 3765 966 3814 et
986 3774 1077 3830 poena
1102 3759 1176 3815 iuter
1189 3761 1274 3832 partis

216 3856 389 3927 obligaverit,
409 3862 436 3911 et
450 3854 567 3911 heredes
578 3855 620 3911 uel
630 3870 806 3912 successores
823 3871 889 3912 suos
901 3857 1112 3927 conligaveriut,
1136 3864 1165 3913 ct
1178 3857 1273 3915 idonei

216 3954 339 4011 bominis
359 3952 544 4022 interfuerint,
568 3968 625 4008 nou
647 3952 757 4024 possint
777 3959 873 4025 postca
894 3955 929 4010 ab
951 3970 1047 4010 eorum
1068 3955 1273 4012 suecessoribus

216 4053 362 4122 removeri,
385 4051 457 4108 sicut
477 4067 528 4106 neo
551 4051 701 4107 removitur
726 4052 761 4107 ab
782 4052 882 4109 eodem
903 4051 1134 4122 longobardum,
1157 4060 1273 4126 excepto

216 4151 238 4207 si
267 4166 340 4223 pena
368 4151 489 4220 obligata
517 4165 678 4221 conponere
711 4148 838 4205 voluerit.
883 4148 999 4206 sivero
1026 4149 1271 4209 commutationem

214 4248 332 4305 fecerint
352 4247 387 4302 de
407 4246 487 4316 casis,
511 4245 602 4314 terris,
624 4247 667 4302 vel
686 4247 809 4315 familiis,
827 4254 856 4304 et
875 4245 979 4303 fuerint
994 4246 1068 4301 inter
1084 4247 1183 4304 missus
1200 4247 1274 4318 regis

216 4345 257 4400 vel
280 4343 418 4416 pontilicis
438 4359 487 4399 seo
505 4343 632 4416 judices,
666 4351 713 4400 aut
739 4346 807 4400 tales
827 4344 956 4400 homines
987 4351 1042 4400 tres
1063 4359 1182 4417 quorum
1203 4345 1273 4402 fides

217 4440 389 4505 ammittitur,
414 4448 441 4497 et
461 4456 506 4498 res
526 4442 670 4498 meliorata
690 4444 730 4500 eis
750 4443 875 4516 paruerit
895 4450 961 4500 tuuc
982 4442 1095 4516 quaudo
1117 4441 1176 4516 ipsa
1197 4459 1273 4500 com·

216 4538 331 4596 mutatio
358 4537 429 4594 facta
455 4539 506 4597 fuit
535 4539 611 4613 quod
639 4554 702 4613 pars
727 4541 781 4598 loci
811 4540 934 4611 religiosi
960 4539 1110 4614 suscipiat,
1144 4541 1221 4598 nullo
1242 4540 1271 4598 in
