<?xml version="1.0" encoding="UTF-8"?>
<!DOCTYPE html PUBLIC "-//W3C//DTD XHTML 1.0 Transitional//EN"
    "http://www.w3.org/TR/xhtml1/DTD/xhtml1-transitional.dtd">
<html xmlns="http://www.w3.org/1999/xhtml" xml:lang="en" lang="en">
 <head>
  <title>
</title>
<meta http-equiv="Content-Type" content="text/html;charset=utf-8" />
  <meta name='ocr-system' content='tesseract 3.04.00' />
  <meta name='ocr-capabilities' content='ocr_page ocr_carea ocr_par ocr_line ocrx_word'/>
</head>
<body>
  <div class='ocr_page' id='page_1' title='image "./edictaregumlang00neiggoog_0125.png"; bbox 0 0 3022 5144; ppageno 0'>
   <div class='ocr_carea' id='block_1_1' title="bbox 267 519 951 586">
    <p class='ocr_par' dir='ltr' id='par_1_1' title="bbox 267 519 951 586">
     <span class='ocr_line' id='line_1_1' title="bbox 267 519 951 586; baseline -0.009 -4"><span class='ocrx_word' id='word_1_1' title='bbox 267 519 329 586; x_wconf 83' lang='lat' dir='ltr'>tut</span> <span class='ocrx_word' id='word_1_2' title='bbox 647 535 836 583; x_wconf 75' lang='lat' dir='ltr'>erumnam</span> <span class='ocrx_word' id='word_1_3' title='bbox 859 532 951 578; x_wconf 77' lang='lat' dir='ltr'>neers</span> 
     </span>
    </p>
   </div>
   <div class='ocr_carea' id='block_1_2' title="bbox 265 682 1327 1252">
    <p class='ocr_par' dir='ltr' id='par_1_2' title="bbox 265 682 1327 1252">
     <span class='ocr_line' id='line_1_2' title="bbox 265 682 1326 762; baseline -0.012 -11"><span class='ocrx_word' id='word_1_4' title='bbox 265 698 377 753; x_wconf 87' lang='lat' dir='ltr'>maneat</span> <span class='ocrx_word' id='word_1_5' title='bbox 395 691 425 748; x_wconf 91' lang='lat' dir='ltr'>io</span> <span class='ocrx_word' id='word_1_6' title='bbox 446 687 507 762; x_wconf 88' lang='lat' dir='ltr'>ipse</span> <span class='ocrx_word' id='word_1_7' title='bbox 527 705 597 748; x_wconf 87' lang='lat' dir='ltr'>casa.</span> <span class='ocrx_word' id='word_1_8' title='bbox 627 687 697 746; x_wconf 87' lang='lat' dir='ltr'>Nam</span> <span class='ocrx_word' id='word_1_9' title='bbox 717 687 740 745; x_wconf 88' lang='lat' dir='ltr'>si</span> <span class='ocrx_word' id='word_1_10' title='bbox 760 686 796 742; x_wconf 91' lang='lat' dir='ltr'>de</span> <span class='ocrx_word' id='word_1_11' title='bbox 818 686 866 743; x_wconf 90' lang='lat' dir='ltr'>illo</span> <span class='ocrx_word' id='word_1_12' title='bbox 887 685 1012 742; x_wconf 90' lang='lat' dir='ltr'>laborem</span> <span class='ocrx_word' id='word_1_13' title='bbox 1034 682 1227 756; x_wconf 76' lang='lat' dir='ltr'>conparaverit</span> <span class='ocrx_word' id='word_1_14' title='bbox 1247 685 1326 757; x_wconf 89' lang='lat' dir='ltr'>quod</span> 
     </span>
     <span class='ocr_line' id='line_1_3' title="bbox 266 763 1326 866; baseline -0.009 -17"><span class='ocrx_word' id='word_1_15' title='bbox 266 799 362 866; x_wconf 87' lang='lat' dir='ltr'>postea</span> <span class='ocrx_word' id='word_1_16' title='bbox 390 787 526 845; x_wconf 86' lang='lat' dir='ltr'>laboravit</span> <span class='ocrx_word' id='word_1_17' title='bbox 556 763 602 842; x_wconf 81' lang='lat' dir='ltr'>aut</span> <span class='ocrx_word' id='word_1_18' title='bbox 629 786 694 842; x_wconf 86' lang='lat' dir='ltr'>lecit</span> <span class='ocrx_word' id='word_1_19' title='bbox 722 792 835 858; x_wconf 84' lang='lat' dir='ltr'>posteus</span> <span class='ocrx_word' id='word_1_20' title='bbox 863 783 893 839; x_wconf 94' lang='lat' dir='ltr'>in</span> <span class='ocrx_word' id='word_1_21' title='bbox 924 782 1012 856; x_wconf 78' lang='lat' dir='ltr'>ipsam</span> <span class='ocrx_word' id='word_1_22' title='bbox 1033 799 1126 838; x_wconf 84' lang='lat' dir='ltr'>cesam</span> <span class='ocrx_word' id='word_1_23' title='bbox 1152 784 1187 838; x_wconf 92' lang='lat' dir='ltr'>ad</span> <span class='ocrx_word' id='word_1_24' title='bbox 1208 799 1326 839; x_wconf 90' lang='lat' dir='ltr'>censum</span> 
     </span>
     <span class='ocr_line' id='line_1_4' title="bbox 266 881 1326 957; baseline -0.006 -12"><span class='ocrx_word' id='word_1_25' title='bbox 266 886 441 947; x_wconf 89' lang='lat' dir='ltr'>reddendum</span> <span class='ocrx_word' id='word_1_26' title='bbox 461 884 604 953; x_wconf 82' lang='lat' dir='ltr'>introibit,</span> <span class='ocrx_word' id='word_1_27' title='bbox 633 884 662 940; x_wconf 89' lang='lat' dir='ltr'>in</span> <span class='ocrx_word' id='word_1_28' title='bbox 684 884 745 957; x_wconf 92' lang='lat' dir='ltr'>ipsu</span> <span class='ocrx_word' id='word_1_29' title='bbox 767 882 870 955; x_wconf 81' lang='lat' dir='ltr'>cespite</span> <span class='ocrx_word' id='word_1_30' title='bbox 891 882 1011 938; x_wconf 85' lang='lat' dir='ltr'>dimittat</span> <span class='ocrx_word' id='word_1_31' title='bbox 1030 882 1077 937; x_wconf 90' lang='lat' dir='ltr'>ubi</span> <span class='ocrx_word' id='word_1_32' title='bbox 1098 881 1240 939; x_wconf 85' lang='lat' dir='ltr'>laboravit.</span> <span class='ocrx_word' id='word_1_33' title='bbox 1263 883 1326 939; x_wconf 85' lang='lat' dir='ltr'>Hoc</span> 
     </span>
     <span class='ocr_line' id='line_1_5' title="bbox 267 979 1326 1053; baseline -0.009 -8"><span class='ocrx_word' id='word_1_34' title='bbox 267 993 359 1045; x_wconf 87' lang='lat' dir='ltr'>autem</span> <span class='ocrx_word' id='word_1_35' title='bbox 378 984 443 1041; x_wconf 89' lang='lat' dir='ltr'>idco</span> <span class='ocrx_word' id='word_1_36' title='bbox 471 999 547 1040; x_wconf 88' lang='lat' dir='ltr'>nunc</span> <span class='ocrx_word' id='word_1_37' title='bbox 567 982 732 1052; x_wconf 85' lang='lat' dir='ltr'>adfiximus,</span> <span class='ocrx_word' id='word_1_38' title='bbox 766 981 831 1053; x_wconf 88' lang='lat' dir='ltr'>quia</span> <span class='ocrx_word' id='word_1_39' title='bbox 853 980 1017 1036; x_wconf 75' lang='lat' dir='ltr'>tantumodo</span> <span class='ocrx_word' id='word_1_40' title='bbox 1039 994 1119 1035; x_wconf 89' lang='lat' dir='ltr'>causa</span> <span class='ocrx_word' id='word_1_41' title='bbox 1147 979 1198 1036; x_wconf 87' lang='lat' dir='ltr'>ista</span> <span class='ocrx_word' id='word_1_42' title='bbox 1220 979 1250 1034; x_wconf 91' lang='lat' dir='ltr'>in</span> <span class='ocrx_word' id='word_1_43' title='bbox 1272 980 1326 1035; x_wconf 90' lang='lat' dir='ltr'>boe</span> 
     </span>
     <span class='ocr_line' id='line_1_6' title="bbox 268 1083 1327 1154; baseline -0.008 -13"><span class='ocrx_word' id='word_1_44' title='bbox 268 1085 352 1142; x_wconf 89' lang='lat' dir='ltr'>modo</span> <span class='ocrx_word' id='word_1_45' title='bbox 373 1097 484 1154; x_wconf 86' lang='lat' dir='ltr'>semper</span> <span class='ocrx_word' id='word_1_46' title='bbox 504 1088 532 1137; x_wconf 89' lang='lat' dir='ltr'>et</span> <span class='ocrx_word' id='word_1_47' title='bbox 552 1088 758 1138; x_wconf 82' lang='lat' dir='ltr'>antecessorum</span> <span class='ocrx_word' id='word_1_48' title='bbox 781 1086 939 1135; x_wconf 87' lang='lat' dir='ltr'>nostrorum</span> <span class='ocrx_word' id='word_1_49' title='bbox 960 1084 1085 1149; x_wconf 91' lang='lat' dir='ltr'>tempore</span> <span class='ocrx_word' id='word_1_50' title='bbox 1111 1083 1139 1132; x_wconf 91' lang='lat' dir='ltr'>et</span> <span class='ocrx_word' id='word_1_51' title='bbox 1160 1085 1254 1133; x_wconf 87' lang='lat' dir='ltr'>nostro</span> <span class='ocrx_word' id='word_1_52' title='bbox 1276 1095 1327 1150; x_wconf 88' lang='lat' dir='ltr'>per</span> 
     </span>
     <span class='ocr_line' id='line_1_7' title="bbox 267 1175 1257 1252; baseline -0.009 -11"><span class='ocrx_word' id='word_1_53' title='bbox 267 1181 411 1240; x_wconf 84' lang='lat' dir='ltr'>cawarlida</span> <span class='ocrx_word' id='word_1_54' title='bbox 432 1179 473 1236; x_wconf 88' lang='lat' dir='ltr'>sic</span> <span class='ocrx_word' id='word_1_55' title='bbox 488 1178 640 1252; x_wconf 83' lang='lat' dir='ltr'>judicatam</span> <span class='ocrx_word' id='word_1_56' title='bbox 661 1187 712 1247; x_wconf 86' lang='lat' dir='ltr'>cst,</span> <span class='ocrx_word' id='word_1_57' title='bbox 735 1193 800 1233; x_wconf 87' lang='lat' dir='ltr'>nam</span> <span class='ocrx_word' id='word_1_58' title='bbox 820 1177 850 1233; x_wconf 90' lang='lat' dir='ltr'>in</span> <span class='ocrx_word' id='word_1_59' title='bbox 872 1176 971 1232; x_wconf 84' lang='lat' dir='ltr'>Edicto</span> <span class='ocrx_word' id='word_1_60' title='bbox 993 1175 1094 1248; x_wconf 87' lang='lat' dir='ltr'>scripta</span> <span class='ocrx_word' id='word_1_61' title='bbox 1115 1191 1173 1231; x_wconf 90' lang='lat' dir='ltr'>non</span> <span class='ocrx_word' id='word_1_62' title='bbox 1196 1175 1257 1233; x_wconf 89' lang='lat' dir='ltr'>luit.</span> 
     </span>
    </p>
   </div>
   <div class='ocr_carea' id='block_1_3' title="bbox 268 1325 1327 1596">
    <p class='ocr_par' dir='ltr' id='par_1_3' title="bbox 268 1325 1327 1596">
     <span class='ocr_line' id='line_1_8' title="bbox 347 1325 1327 1406; baseline -0.009 -16"><span class='ocrx_word' id='word_1_63' title='bbox 347 1329 404 1406; x_wconf 79' lang='lat' dir='ltr'><em>(V.)</em></span> <span class='ocrx_word' id='word_1_64' title='bbox 425 1331 509 1387; x_wconf 74' lang='grc'><strong>134.</strong></span> <span class='ocrx_word' id='word_1_65' title='bbox 538 1329 567 1384; x_wconf 90' lang='lat' dir='ltr'>si</span> <span class='ocrx_word' id='word_1_66' title='bbox 589 1329 717 1386; x_wconf 88' lang='lat' dir='ltr'>homenis</span> <span class='ocrx_word' id='word_1_67' title='bbox 737 1329 766 1385; x_wconf 91' lang='lat' dir='ltr'>in</span> <span class='ocrx_word' id='word_1_68' title='bbox 789 1345 845 1384; x_wconf 94' lang='lat' dir='ltr'>uno</span> <span class='ocrx_word' id='word_1_69' title='bbox 866 1327 928 1384; x_wconf 89' lang='lat' dir='ltr'>vico</span> <span class='ocrx_word' id='word_1_70' title='bbox 949 1325 1098 1383; x_wconf 88' lang='lat' dir='ltr'>habitantis</span> <span class='ocrx_word' id='word_1_71' title='bbox 1120 1326 1212 1400; x_wconf 90' lang='lat' dir='ltr'>aliqua</span> <span class='ocrx_word' id='word_1_72' title='bbox 1234 1327 1327 1382; x_wconf 89' lang='lat' dir='ltr'>inten-</span> 
     </span>
     <span class='ocr_line' id='line_1_9' title="bbox 268 1425 1326 1500; baseline -0.007 -13"><span class='ocrx_word' id='word_1_73' title='bbox 268 1429 353 1487; x_wconf 89' lang='lat' dir='ltr'>tionis</span> <span class='ocrx_word' id='word_1_74' title='bbox 374 1427 502 1484; x_wconf 91' lang='lat' dir='ltr'>babuerit</span> <span class='ocrx_word' id='word_1_75' title='bbox 522 1427 557 1482; x_wconf 88' lang='lat' dir='ltr'>de</span> <span class='ocrx_word' id='word_1_76' title='bbox 578 1443 694 1500; x_wconf 91' lang='lat' dir='ltr'>campo,</span> <span class='ocrx_word' id='word_1_77' title='bbox 725 1434 772 1484; x_wconf 90' lang='lat' dir='ltr'>aut</span> <span class='ocrx_word' id='word_1_78' title='bbox 793 1427 890 1489; x_wconf 84' lang='lat' dir='ltr'>vinea,</span> <span class='ocrx_word' id='word_1_79' title='bbox 920 1425 1026 1498; x_wconf 87' lang='lat' dir='ltr'>prado,</span> <span class='ocrx_word' id='word_1_80' title='bbox 1051 1432 1098 1481; x_wconf 91' lang='lat' dir='ltr'>aut</span> <span class='ocrx_word' id='word_1_81' title='bbox 1118 1425 1202 1493; x_wconf 87' lang='lat' dir='ltr'>silva,</span> <span class='ocrx_word' id='word_1_82' title='bbox 1226 1425 1269 1480; x_wconf 91' lang='lat' dir='ltr'>vcl</span> <span class='ocrx_word' id='word_1_83' title='bbox 1291 1425 1326 1480; x_wconf 93' lang='lat' dir='ltr'>de</span> 
     </span>
     <span class='ocr_line' id='line_1_10' title="bbox 269 1522 1325 1596; baseline -0.006 -12"><span class='ocrx_word' id='word_1_84' title='bbox 269 1527 336 1584; x_wconf 87' lang='lat' dir='ltr'>alias</span> <span class='ocrx_word' id='word_1_85' title='bbox 357 1542 412 1595; x_wconf 84' lang='lat' dir='ltr'>res,</span> <span class='ocrx_word' id='word_1_86' title='bbox 435 1530 463 1579; x_wconf 94' lang='lat' dir='ltr'>et</span> <span class='ocrx_word' id='word_1_87' title='bbox 482 1525 654 1580; x_wconf 86' lang='lat' dir='ltr'>collexerent</span> <span class='ocrx_word' id='word_1_88' title='bbox 674 1541 703 1580; x_wconf 92' lang='lat' dir='ltr'>se</span> <span class='ocrx_word' id='word_1_89' title='bbox 725 1541 778 1580; x_wconf 88' lang='lat' dir='ltr'>una</span> <span class='ocrx_word' id='word_1_90' title='bbox 799 1540 863 1596; x_wconf 92' lang='lat' dir='ltr'>pars</span> <span class='ocrx_word' id='word_1_91' title='bbox 884 1540 947 1579; x_wconf 86' lang='lat' dir='ltr'>curn</span> <span class='ocrx_word' id='word_1_92' title='bbox 969 1523 1114 1593; x_wconf 86' lang='lat' dir='ltr'>virtutem,</span> <span class='ocrx_word' id='word_1_93' title='bbox 1137 1531 1165 1578; x_wconf 87' lang='lat' dir='ltr'>et</span> <span class='ocrx_word' id='word_1_94' title='bbox 1185 1522 1325 1590; x_wconf 77' lang='lat' dir='ltr'>dixerant,</span> 
     </span>
    </p>
   </div>
   <div class='ocr_carea' id='block_1_4' title="bbox 188 1622 1326 1699">
    <p class='ocr_par' dir='ltr' id='par_1_4' title="bbox 188 1622 1326 1699">
     <span class='ocr_line' id='line_1_11' title="bbox 188 1622 1326 1699; baseline -0.004 -18"><span class='ocrx_word' id='word_1_95' title='bbox 188 1643 191 1651; x_wconf 64' lang='lat'><strong>¹</strong></span> <span class='ocrx_word' id='word_1_96' title='bbox 271 1624 336 1699; x_wconf 87' lang='lat' dir='ltr'>quia</span> <span class='ocrx_word' id='word_1_97' title='bbox 360 1623 493 1692; x_wconf 74' lang='lat' dir='ltr'>Wisurnur</span> <span class='ocrx_word' id='word_1_98' title='bbox 514 1631 537 1680; x_wconf 92' lang='lat' dir='ltr'>et</span> <span class='ocrx_word' id='word_1_99' title='bbox 559 1625 713 1695; x_wconf 71' lang='lat' dir='ltr'>expellimus</span> <span class='ocrx_word' id='word_1_100' title='bbox 734 1640 777 1678; x_wconf 83' lang='lat' dir='ltr'>eos</span> <span class='ocrx_word' id='word_1_101' title='bbox 798 1625 831 1678; x_wconf 89' lang='lat' dir='ltr'>de</span> <span class='ocrx_word' id='word_1_102' title='bbox 845 1625 933 1693; x_wconf 82' lang='lat' dir='ltr'>iprum</span> <span class='ocrx_word' id='word_1_103' title='bbox 953 1623 1039 1677; x_wconf 84' lang='lat' dir='ltr'>locum</span> <span class='ocrx_word' id='word_1_104' title='bbox 1056 1637 1106 1691; x_wconf 89' lang='lat' dir='ltr'>per</span> <span class='ocrx_word' id='word_1_105' title='bbox 1114 1623 1214 1678; x_wconf 82' lang='lat' dir='ltr'>virtute</span> <span class='ocrx_word' id='word_1_106' title='bbox 1232 1622 1326 1689; x_wconf 71' lang='lat' dir='ltr'>sorasr</span> 
     </span>
    </p>
   </div>
   <div class='ocr_carea' id='block_1_5' title="bbox 269 1717 1332 3356">
    <p class='ocr_par' dir='ltr' id='par_1_5' title="bbox 269 1717 1332 3356">
     <span class='ocr_line' id='line_1_12' title="bbox 270 1717 1329 1790; baseline -0.005 -12"><span class='ocrx_word' id='word_1_107' title='bbox 270 1729 298 1778; x_wconf 90' lang='lat' dir='ltr'>et</span> <span class='ocrx_word' id='word_1_108' title='bbox 311 1720 521 1785; x_wconf 84' lang='lat' dir='ltr'>ambolarerint,</span> <span class='ocrx_word' id='word_1_109' title='bbox 544 1727 573 1776; x_wconf 91' lang='lat' dir='ltr'>et</span> <span class='ocrx_word' id='word_1_110' title='bbox 595 1721 756 1777; x_wconf 86' lang='lat' dir='ltr'>scandalum</span> <span class='ocrx_word' id='word_1_111' title='bbox 775 1718 814 1775; x_wconf 89' lang='lat' dir='ltr'>ibi</span> <span class='ocrx_word' id='word_1_112' title='bbox 833 1719 981 1775; x_wconf 89' lang='lat' dir='ltr'>comissum</span> <span class='ocrx_word' id='word_1_113' title='bbox 1003 1717 1095 1787; x_wconf 88' lang='lat' dir='ltr'>luerit,</span> <span class='ocrx_word' id='word_1_114' title='bbox 1118 1724 1146 1773; x_wconf 89' lang='lat' dir='ltr'>et</span> <span class='ocrx_word' id='word_1_115' title='bbox 1166 1720 1261 1790; x_wconf 80' lang='lat' dir='ltr'>plagas</span> <span class='ocrx_word' id='word_1_116' title='bbox 1282 1725 1329 1773; x_wconf 89' lang='lat' dir='ltr'>aut</span> 
     </span>
     <span class='ocr_line' id='line_1_13' title="bbox 269 1816 1328 1888; baseline -0.006 -12"><span class='ocrx_word' id='word_1_117' title='bbox 269 1819 362 1877; x_wconf 78' lang='lat' dir='ltr'>feritas</span> <span class='ocrx_word' id='word_1_118' title='bbox 383 1819 467 1875; x_wconf 86' lang='lat' dir='ltr'>lectas</span> <span class='ocrx_word' id='word_1_119' title='bbox 487 1820 530 1874; x_wconf 84' lang='lat' dir='ltr'>vel</span> <span class='ocrx_word' id='word_1_120' title='bbox 556 1819 642 1874; x_wconf 89' lang='lat' dir='ltr'>bomo</span> <span class='ocrx_word' id='word_1_121' title='bbox 663 1818 770 1874; x_wconf 90' lang='lat' dir='ltr'>occisus</span> <span class='ocrx_word' id='word_1_122' title='bbox 790 1816 888 1872; x_wconf 83' lang='lat' dir='ltr'>luerit:</span> <span class='ocrx_word' id='word_1_123' title='bbox 912 1816 949 1870; x_wconf 84' lang='lat' dir='ltr'>itu</span> <span class='ocrx_word' id='word_1_124' title='bbox 973 1817 1158 1885; x_wconf 90' lang='lat' dir='ltr'>decernimus,</span> <span class='ocrx_word' id='word_1_125' title='bbox 1183 1824 1212 1871; x_wconf 94' lang='lat' dir='ltr'>ut</span> <span class='ocrx_word' id='word_1_126' title='bbox 1233 1817 1328 1888; x_wconf 84' lang='lat' dir='ltr'>plagas</span> 
     </span>
     <span class='ocr_line' id='line_1_14' title="bbox 271 1915 1327 1986; baseline -0.007 -11"><span class='ocrx_word' id='word_1_127' title='bbox 271 1926 299 1976; x_wconf 90' lang='lat' dir='ltr'>et</span> <span class='ocrx_word' id='word_1_128' title='bbox 318 1918 410 1974; x_wconf 82' lang='lat' dir='ltr'>lenitas</span> <span class='ocrx_word' id='word_1_129' title='bbox 431 1923 479 1973; x_wconf 91' lang='lat' dir='ltr'>aut</span> <span class='ocrx_word' id='word_1_130' title='bbox 498 1915 641 1971; x_wconf 88' lang='lat' dir='ltr'>hominem</span> <span class='ocrx_word' id='word_1_131' title='bbox 655 1921 795 1971; x_wconf 89' lang='lat' dir='ltr'>mortuum</span> <span class='ocrx_word' id='word_1_132' title='bbox 813 1921 974 1986; x_wconf 90' lang='lat' dir='ltr'>conponant</span> <span class='ocrx_word' id='word_1_133' title='bbox 985 1915 1138 1970; x_wconf 88' lang='lat' dir='ltr'>secundum</span> <span class='ocrx_word' id='word_1_134' title='bbox 1160 1915 1327 1970; x_wconf 89' lang='lat' dir='ltr'>anteriorem</span> 
     </span>
     <span class='ocr_line' id='line_1_15' title="bbox 271 2012 1327 2086; baseline -0.007 -13"><span class='ocrx_word' id='word_1_135' title='bbox 271 2017 388 2080; x_wconf 87' lang='lat' dir='ltr'>Edicto,</span> <span class='ocrx_word' id='word_1_136' title='bbox 417 2013 496 2086; x_wconf 80' lang='lat' dir='ltr'>quod</span> <span class='ocrx_word' id='word_1_137' title='bbox 528 2013 666 2081; x_wconf 88' lang='lat' dir='ltr'>gloriosus</span> <span class='ocrx_word' id='word_1_138' title='bbox 687 2013 817 2068; x_wconf 80' lang='lat' dir='ltr'>Rorntur</span> <span class='ocrx_word' id='word_1_139' title='bbox 849 2028 897 2066; x_wconf 84' lang='lat' dir='ltr'>rex</span> <span class='ocrx_word' id='word_1_140' title='bbox 925 2013 966 2066; x_wconf 86' lang='lat' dir='ltr'>rel</span> <span class='ocrx_word' id='word_1_141' title='bbox 990 2028 1040 2067; x_wconf 87' lang='lat' dir='ltr'>nos</span> <span class='ocrx_word' id='word_1_142' title='bbox 1061 2012 1248 2076; x_wconf 83' lang='lat' dir='ltr'>instituimus3</span> <span class='ocrx_word' id='word_1_143' title='bbox 1277 2028 1327 2083; x_wconf 91' lang='lat' dir='ltr'>pro</span> 
     </span>
     <span class='ocr_line' id='line_1_16' title="bbox 271 2109 1330 2183; baseline -0.006 -12"><span class='ocrx_word' id='word_1_144' title='bbox 271 2120 364 2172; x_wconf 91' lang='lat' dir='ltr'>autem</span> <span class='ocrx_word' id='word_1_145' title='bbox 384 2111 496 2168; x_wconf 87' lang='lat' dir='ltr'>inlecita</span> <span class='ocrx_word' id='word_1_146' title='bbox 516 2109 755 2183; x_wconf 85' lang='lat' dir='ltr'>presumptionem</span> <span class='ocrx_word' id='word_1_147' title='bbox 777 2111 811 2166; x_wconf 89' lang='lat' dir='ltr'>de</span> <span class='ocrx_word' id='word_1_148' title='bbox 832 2110 892 2182; x_wconf 91' lang='lat' dir='ltr'>ipsa</span> <span class='ocrx_word' id='word_1_149' title='bbox 913 2110 1107 2167; x_wconf 88' lang='lat' dir='ltr'>collectionem</span> <span class='ocrx_word' id='word_1_150' title='bbox 1123 2119 1265 2182; x_wconf 92' lang='lat' dir='ltr'>conponat</span> <span class='ocrx_word' id='word_1_151' title='bbox 1285 2127 1330 2165; x_wconf 95' lang='lat' dir='ltr'>so-</span> 
     </span>
     <span class='ocr_line' id='line_1_17' title="bbox 271 2207 1327 2279; baseline -0.008 -9"><span class='ocrx_word' id='word_1_152' title='bbox 271 2213 343 2270; x_wconf 87' lang='lat' dir='ltr'>lidos</span> <span class='ocrx_word' id='word_1_153' title='bbox 363 2227 399 2266; x_wconf 82' lang='lat' dir='ltr'>xx</span> <span class='ocrx_word' id='word_1_154' title='bbox 420 2209 455 2264; x_wconf 92' lang='lat' dir='ltr'>ad</span> <span class='ocrx_word' id='word_1_155' title='bbox 476 2208 553 2264; x_wconf 92' lang='lat' dir='ltr'>illam</span> <span class='ocrx_word' id='word_1_156' title='bbox 573 2213 697 2279; x_wconf 87' lang='lat' dir='ltr'>partem,</span> <span class='ocrx_word' id='word_1_157' title='bbox 730 2208 776 2279; x_wconf 89' lang='lat' dir='ltr'>qui</span> <span class='ocrx_word' id='word_1_158' title='bbox 799 2207 827 2263; x_wconf 94' lang='lat' dir='ltr'>iu</span> <span class='ocrx_word' id='word_1_159' title='bbox 849 2223 995 2279; x_wconf 88' lang='lat' dir='ltr'>campum,</span> <span class='ocrx_word' id='word_1_160' title='bbox 1018 2209 1061 2264; x_wconf 89' lang='lat' dir='ltr'>vel</span> <span class='ocrx_word' id='word_1_161' title='bbox 1082 2209 1111 2265; x_wconf 90' lang='lat' dir='ltr'>in</span> <span class='ocrx_word' id='word_1_162' title='bbox 1133 2208 1212 2277; x_wconf 89' lang='lat' dir='ltr'>vitis,</span> <span class='ocrx_word' id='word_1_163' title='bbox 1236 2211 1278 2264; x_wconf 86' lang='lat' dir='ltr'>vel</span> <span class='ocrx_word' id='word_1_164' title='bbox 1299 2208 1327 2263; x_wconf 88' lang='lat' dir='ltr'>iu</span> 
     </span>
     <span class='ocr_line' id='line_1_18' title="bbox 273 2305 1328 2384; baseline -0.004 -18"><span class='ocrx_word' id='word_1_165' title='bbox 273 2309 376 2384; x_wconf 89' lang='lat' dir='ltr'>prado,</span> <span class='ocrx_word' id='word_1_166' title='bbox 408 2306 503 2362; x_wconf 89' lang='lat' dir='ltr'>autin</span> <span class='ocrx_word' id='word_1_167' title='bbox 525 2305 623 2362; x_wconf 90' lang='lat' dir='ltr'>silvam</span> <span class='ocrx_word' id='word_1_168' title='bbox 643 2322 722 2361; x_wconf 85' lang='lat' dir='ltr'>suum</span> <span class='ocrx_word' id='word_1_169' title='bbox 749 2307 873 2362; x_wconf 90' lang='lat' dir='ltr'>laborem</span> <span class='ocrx_word' id='word_1_170' title='bbox 895 2305 1020 2365; x_wconf 85' lang='lat' dir='ltr'>iaciebat.</span> <span class='ocrx_word' id='word_1_171' title='bbox 1062 2307 1123 2362; x_wconf 86' lang='lat' dir='ltr'>Hoc</span> <span class='ocrx_word' id='word_1_172' title='bbox 1151 2314 1242 2363; x_wconf 92' lang='lat' dir='ltr'>autem</span> <span class='ocrx_word' id='word_1_173' title='bbox 1263 2308 1328 2362; x_wconf 88' lang='lat' dir='ltr'>ideo</span> 
     </span>
     <span class='ocr_line' id='line_1_19' title="bbox 272 2404 1329 2479; baseline -0.002 -16"><span class='ocrx_word' id='word_1_174' title='bbox 272 2404 426 2474; x_wconf 86' lang='lat' dir='ltr'>statuimus,</span> <span class='ocrx_word' id='word_1_175' title='bbox 441 2411 472 2460; x_wconf 92' lang='lat' dir='ltr'>ut</span> <span class='ocrx_word' id='word_1_176' title='bbox 487 2404 580 2460; x_wconf 91' lang='lat' dir='ltr'>nullus</span> <span class='ocrx_word' id='word_1_177' title='bbox 597 2411 738 2476; x_wconf 89' lang='lat' dir='ltr'>presumat</span> <span class='ocrx_word' id='word_1_178' title='bbox 753 2406 838 2461; x_wconf 90' lang='lat' dir='ltr'>malas</span> <span class='ocrx_word' id='word_1_179' title='bbox 856 2421 951 2460; x_wconf 89' lang='lat' dir='ltr'>causas</span> <span class='ocrx_word' id='word_1_180' title='bbox 965 2405 994 2459; x_wconf 94' lang='lat' dir='ltr'>in</span> <span class='ocrx_word' id='word_1_181' title='bbox 1010 2405 1220 2479; x_wconf 89' lang='lat' dir='ltr'>qualiscumque</span> <span class='ocrx_word' id='word_1_182' title='bbox 1237 2407 1329 2461; x_wconf 90' lang='lat' dir='ltr'>locum</span> 
     </span>
     <span class='ocr_line' id='line_1_20' title="bbox 274 2502 1330 2575; baseline -0.001 -15"><span class='ocrx_word' id='word_1_183' title='bbox 274 2503 393 2560; x_wconf 85' lang='lat' dir='ltr'>excitare</span> <span class='ocrx_word' id='word_1_184' title='bbox 415 2509 462 2558; x_wconf 91' lang='lat' dir='ltr'>aut</span> <span class='ocrx_word' id='word_1_185' title='bbox 483 2503 582 2559; x_wconf 84' lang='lat' dir='ltr'>lacere.</span> <span class='ocrx_word' id='word_1_186' title='bbox 623 2502 660 2557; x_wconf 90' lang='lat' dir='ltr'>Et</span> <span class='ocrx_word' id='word_1_187' title='bbox 685 2519 742 2558; x_wconf 94' lang='lat' dir='ltr'>non</span> <span class='ocrx_word' id='word_1_188' title='bbox 771 2504 912 2575; x_wconf 89' lang='lat' dir='ltr'>potuimus</span> <span class='ocrx_word' id='word_1_189' title='bbox 933 2519 1043 2560; x_wconf 89' lang='lat' dir='ltr'>causam</span> <span class='ocrx_word' id='word_1_190' title='bbox 1071 2503 1150 2559; x_wconf 91' lang='lat' dir='ltr'>istam</span> <span class='ocrx_word' id='word_1_191' title='bbox 1172 2504 1330 2560; x_wconf 86' lang='lat' dir='ltr'>adsimilare</span> 
     </span>
     <span class='ocr_line' id='line_1_21' title="bbox 274 2600 1328 2673; baseline -0.001 -16"><span class='ocrx_word' id='word_1_192' title='bbox 274 2617 364 2673; x_wconf 91' lang='lat' dir='ltr'>neque</span> <span class='ocrx_word' id='word_1_193' title='bbox 384 2600 419 2656; x_wconf 92' lang='lat' dir='ltr'>ad</span> <span class='ocrx_word' id='word_1_194' title='bbox 440 2600 582 2668; x_wconf 86' lang='lat' dir='ltr'>ariscbild,</span> <span class='ocrx_word' id='word_1_195' title='bbox 605 2617 699 2672; x_wconf 87' lang='lat' dir='ltr'>neque</span> <span class='ocrx_word' id='word_1_196' title='bbox 720 2601 756 2656; x_wconf 91' lang='lat' dir='ltr'>ad</span> <span class='ocrx_word' id='word_1_197' title='bbox 776 2601 924 2658; x_wconf 88' lang='lat' dir='ltr'>consilium</span> <span class='ocrx_word' id='word_1_198' title='bbox 943 2601 1158 2672; x_wconf 87' lang='lat' dir='ltr'>rustiganorum,</span> <span class='ocrx_word' id='word_1_199' title='bbox 1183 2618 1274 2673; x_wconf 89' lang='lat' dir='ltr'>neque</span> <span class='ocrx_word' id='word_1_200' title='bbox 1295 2601 1328 2657; x_wconf 92' lang='lat' dir='ltr'>ad</span> 
     </span>
     <span class='ocr_line' id='line_1_22' title="bbox 274 2697 1329 2770; baseline 0 -16"><span class='ocrx_word' id='word_1_201' title='bbox 274 2699 477 2754; x_wconf 89' lang='lat' dir='ltr'>rusticanorum</span> <span class='ocrx_word' id='word_1_202' title='bbox 499 2697 657 2761; x_wconf 88' lang='lat' dir='ltr'>seditione;</span> <span class='ocrx_word' id='word_1_203' title='bbox 687 2707 715 2754; x_wconf 92' lang='lat' dir='ltr'>et</span> <span class='ocrx_word' id='word_1_204' title='bbox 741 2699 802 2770; x_wconf 92' lang='lat' dir='ltr'>plus</span> <span class='ocrx_word' id='word_1_205' title='bbox 824 2715 978 2769; x_wconf 89' lang='lat' dir='ltr'>congruum</span> <span class='ocrx_word' id='word_1_206' title='bbox 1000 2699 1081 2755; x_wconf 90' lang='lat' dir='ltr'>nobis</span> <span class='ocrx_word' id='word_1_207' title='bbox 1103 2700 1193 2770; x_wconf 89' lang='lat' dir='ltr'>paruit</span> <span class='ocrx_word' id='word_1_208' title='bbox 1214 2715 1273 2755; x_wconf 90' lang='lat' dir='ltr'>esse</span> <span class='ocrx_word' id='word_1_209' title='bbox 1295 2700 1329 2755; x_wconf 95' lang='lat' dir='ltr'>de</span> 
     </span>
     <span class='ocr_line' id='line_1_23' title="bbox 274 2795 1330 2869; baseline -0.002 -15"><span class='ocrx_word' id='word_1_210' title='bbox 274 2795 422 2854; x_wconf 88' lang='lat' dir='ltr'>consilium</span> <span class='ocrx_word' id='word_1_211' title='bbox 442 2796 561 2861; x_wconf 92' lang='lat' dir='ltr'>malum,</span> <span class='ocrx_word' id='word_1_212' title='bbox 590 2796 619 2852; x_wconf 91' lang='lat' dir='ltr'>id</span> <span class='ocrx_word' id='word_1_213' title='bbox 641 2801 682 2851; x_wconf 89' lang='lat' dir='ltr'>est</span> <span class='ocrx_word' id='word_1_214' title='bbox 712 2796 747 2851; x_wconf 91' lang='lat' dir='ltr'>de</span> <span class='ocrx_word' id='word_1_215' title='bbox 768 2796 887 2853; x_wconf 90' lang='lat' dir='ltr'>consilio</span> <span class='ocrx_word' id='word_1_216' title='bbox 909 2797 1025 2853; x_wconf 88' lang='lat' dir='ltr'>mortis:</span> <span class='ocrx_word' id='word_1_217' title='bbox 1064 2800 1128 2868; x_wconf 86' lang='lat' dir='ltr'>quia</span> <span class='ocrx_word' id='word_1_218' title='bbox 1158 2797 1271 2869; x_wconf 89' lang='lat' dir='ltr'>quando</span> <span class='ocrx_word' id='word_1_219' title='bbox 1301 2814 1330 2854; x_wconf 85' lang='lat' dir='ltr'>se</span> 
     </span>
     <span class='ocr_line' id='line_1_24' title="bbox 274 2892 1332 2966; baseline 0 -16"><span class='ocrx_word' id='word_1_220' title='bbox 274 2895 436 2964; x_wconf 88' lang='lat' dir='ltr'>collegunt,</span> <span class='ocrx_word' id='word_1_221' title='bbox 469 2900 496 2948; x_wconf 91' lang='lat' dir='ltr'>et</span> <span class='ocrx_word' id='word_1_222' title='bbox 516 2908 600 2965; x_wconf 89' lang='lat' dir='ltr'>super</span> <span class='ocrx_word' id='word_1_223' title='bbox 619 2892 688 2948; x_wconf 92' lang='lat' dir='ltr'>alius</span> <span class='ocrx_word' id='word_1_224' title='bbox 709 2893 812 2949; x_wconf 90' lang='lat' dir='ltr'>vadunt</span> <span class='ocrx_word' id='word_1_225' title='bbox 833 2910 883 2965; x_wconf 91' lang='lat' dir='ltr'>pro</span> <span class='ocrx_word' id='word_1_226' title='bbox 904 2895 1038 2966; x_wconf 90' lang='lat' dir='ltr'>peccatis,</span> <span class='ocrx_word' id='word_1_227' title='bbox 1061 2897 1096 2951; x_wconf 92' lang='lat' dir='ltr'>ad</span> <span class='ocrx_word' id='word_1_228' title='bbox 1117 2895 1207 2966; x_wconf 86' lang='lat' dir='ltr'>ipsum</span> <span class='ocrx_word' id='word_1_229' title='bbox 1229 2895 1332 2952; x_wconf 91' lang='lat' dir='ltr'>vadunt</span> 
     </span>
     <span class='ocr_line' id='line_1_25' title="bbox 274 2989 1332 3061; baseline -0.001 -12"><span class='ocrx_word' id='word_1_230' title='bbox 274 2999 304 3049; x_wconf 90' lang='lat' dir='ltr'>ut</span> <span class='ocrx_word' id='word_1_231' title='bbox 324 2991 427 3048; x_wconf 90' lang='lat' dir='ltr'>malum</span> <span class='ocrx_word' id='word_1_232' title='bbox 448 2990 560 3055; x_wconf 86' lang='lat' dir='ltr'>iaciant,</span> <span class='ocrx_word' id='word_1_233' title='bbox 584 2997 641 3059; x_wconf 91' lang='lat' dir='ltr'>aut,</span> <span class='ocrx_word' id='word_1_234' title='bbox 664 2989 687 3046; x_wconf 92' lang='lat' dir='ltr'>si</span> <span class='ocrx_word' id='word_1_235' title='bbox 709 3006 788 3045; x_wconf 88' lang='lat' dir='ltr'>casus</span> <span class='ocrx_word' id='word_1_236' title='bbox 809 2992 947 3056; x_wconf 82' lang='lat' dir='ltr'>evenerit,</span> <span class='ocrx_word' id='word_1_237' title='bbox 971 2993 1113 3048; x_wconf 92' lang='lat' dir='ltr'>bominem</span> <span class='ocrx_word' id='word_1_238' title='bbox 1137 2993 1280 3061; x_wconf 89' lang='lat' dir='ltr'>occidant,</span> <span class='ocrx_word' id='word_1_239' title='bbox 1304 2999 1332 3048; x_wconf 87' lang='lat' dir='ltr'>et</span> 
     </span>
     <span class='ocr_line' id='line_1_26' title="bbox 274 3081 1332 3162; baseline 0.001 -17"><span class='ocrx_word' id='word_1_240' title='bbox 274 3091 369 3162; x_wconf 79' lang='lat' dir='ltr'>plagas</span> <span class='ocrx_word' id='word_1_241' title='bbox 390 3094 437 3144; x_wconf 91' lang='lat' dir='ltr'>aut</span> <span class='ocrx_word' id='word_1_242' title='bbox 458 3081 689 3153; x_wconf 83' lang='lat' dir='ltr'>leritas&#39;iaciant3</span> <span class='ocrx_word' id='word_1_243' title='bbox 713 3088 794 3158; x_wconf 90' lang='lat' dir='ltr'>ideo,</span> <span class='ocrx_word' id='word_1_244' title='bbox 818 3096 847 3144; x_wconf 93' lang='lat' dir='ltr'>ut</span> <span class='ocrx_word' id='word_1_245' title='bbox 868 3089 1008 3158; x_wconf 85' lang='lat' dir='ltr'>dixemus,</span> <span class='ocrx_word' id='word_1_246' title='bbox 1032 3091 1247 3147; x_wconf 73' lang='lat' dir='ltr'>adsimilabimus</span> <span class='ocrx_word' id='word_1_247' title='bbox 1268 3108 1332 3147; x_wconf 92' lang='lat' dir='ltr'>cau-</span> 
     </span>
     <span class='ocr_line' id='line_1_27' title="bbox 275 3186 1331 3262; baseline 0 -18"><span class='ocrx_word' id='word_1_248' title='bbox 275 3204 333 3244; x_wconf 89' lang='lat' dir='ltr'>sam</span> <span class='ocrx_word' id='word_1_249' title='bbox 353 3186 434 3242; x_wconf 89' lang='lat' dir='ltr'>istam</span> <span class='ocrx_word' id='word_1_250' title='bbox 455 3188 491 3243; x_wconf 90' lang='lat' dir='ltr'>ad</span> <span class='ocrx_word' id='word_1_251' title='bbox 512 3186 659 3243; x_wconf 87' lang='lat' dir='ltr'>consilium</span> <span class='ocrx_word' id='word_1_252' title='bbox 681 3186 794 3255; x_wconf 91' lang='lat' dir='ltr'>mortis,</span> <span class='ocrx_word' id='word_1_253' title='bbox 830 3188 905 3260; x_wconf 87' lang='lat' dir='ltr'>quod</span> <span class='ocrx_word' id='word_1_254' title='bbox 926 3196 1006 3258; x_wconf 88' lang='lat' dir='ltr'>sunt,</span> <span class='ocrx_word' id='word_1_255' title='bbox 1035 3188 1105 3245; x_wconf 90' lang='lat' dir='ltr'>sicut</span> <span class='ocrx_word' id='word_1_256' title='bbox 1125 3205 1208 3261; x_wconf 90' lang='lat' dir='ltr'>supra</span> <span class='ocrx_word' id='word_1_257' title='bbox 1228 3188 1331 3262; x_wconf 83' lang='lat' dir='ltr'>premi-</span> 
     </span>
     <span class='ocr_line' id='line_1_28' title="bbox 274 3284 615 3356; baseline 0 -15"><span class='ocrx_word' id='word_1_258' title='bbox 274 3301 377 3352; x_wconf 88' lang='lat' dir='ltr'>scmus,</span> <span class='ocrx_word' id='word_1_259' title='bbox 397 3284 480 3341; x_wconf 89' lang='lat' dir='ltr'>solidi</span> <span class='ocrx_word' id='word_1_260' title='bbox 501 3284 615 3356; x_wconf 88' lang='lat' dir='ltr'>vigenti.</span> 
     </span>
    </p>
   </div>
   <div class='ocr_carea' id='block_1_6' title="bbox 275 3421 1331 4586">
    <p class='ocr_par' dir='ltr' id='par_1_6' title="bbox 275 3421 1331 4586">
     <span class='ocr_line' id='line_1_29' title="bbox 353 3421 1331 3502; baseline 0.001 -19"><span class='ocrx_word' id='word_1_261' title='bbox 353 3421 430 3498; x_wconf 80' lang='lat' dir='ltr'>(Vt.)</span> <span class='ocrx_word' id='word_1_262' title='bbox 462 3427 547 3484; x_wconf 70' lang='grc'><strong>135.</strong></span> <span class='ocrx_word' id='word_1_263' title='bbox 574 3426 779 3484; x_wconf 86' lang='lat' dir='ltr'>Adnuntiatum</span> <span class='ocrx_word' id='word_1_264' title='bbox 801 3433 842 3484; x_wconf 90' lang='lat' dir='ltr'>est</span> <span class='ocrx_word' id='word_1_265' title='bbox 861 3425 975 3499; x_wconf 76' lang='lat' dir='ltr'>quidem</span> <span class='ocrx_word' id='word_1_266' title='bbox 997 3428 1095 3497; x_wconf 93' lang='lat' dir='ltr'>nobis,</span> <span class='ocrx_word' id='word_1_267' title='bbox 1128 3430 1204 3502; x_wconf 91' lang='lat' dir='ltr'>quod</span> <span class='ocrx_word' id='word_1_268' title='bbox 1230 3429 1331 3502; x_wconf 91' lang='lat' dir='ltr'>aliquis</span> 
     </span>
     <span class='ocr_line' id='line_1_30' title="bbox 275 3523 1331 3600; baseline 0.003 -21"><span class='ocrx_word' id='word_1_269' title='bbox 275 3539 419 3598; x_wconf 81' lang='lat' dir='ltr'>perversus</span> <span class='ocrx_word' id='word_1_270' title='bbox 440 3524 542 3593; x_wconf 89' lang='lat' dir='ltr'>bomo,</span> <span class='ocrx_word' id='word_1_271' title='bbox 565 3525 631 3580; x_wconf 92' lang='lat' dir='ltr'>dum</span> <span class='ocrx_word' id='word_1_272' title='bbox 655 3541 684 3590; x_wconf 81' lang='lat' dir='ltr'>se</span> <span class='ocrx_word' id='word_1_273' title='bbox 706 3531 788 3598; x_wconf 91' lang='lat' dir='ltr'>queta</span> <span class='ocrx_word' id='word_1_274' title='bbox 809 3523 912 3581; x_wconf 83' lang='lat' dir='ltr'>lemine</span> <span class='ocrx_word' id='word_1_275' title='bbox 932 3526 961 3580; x_wconf 94' lang='lat' dir='ltr'>in</span> <span class='ocrx_word' id='word_1_276' title='bbox 984 3527 1067 3582; x_wconf 87' lang='lat' dir='ltr'>durio</span> <span class='ocrx_word' id='word_1_277' title='bbox 1089 3527 1199 3595; x_wconf 83' lang='lat' dir='ltr'>levarit,</span> <span class='ocrx_word' id='word_1_278' title='bbox 1222 3544 1331 3600; x_wconf 91' lang='lat' dir='ltr'>pannus</span> 
     </span>
     <span class='ocr_line' id='line_1_31' title="bbox 276 3621 1331 3697; baseline 0.002 -19"><span class='ocrx_word' id='word_1_279' title='bbox 276 3622 353 3694; x_wconf 82' lang='lat' dir='ltr'>ejus,</span> <span class='ocrx_word' id='word_1_280' title='bbox 377 3637 447 3693; x_wconf 89' lang='lat' dir='ltr'>quos</span> <span class='ocrx_word' id='word_1_281' title='bbox 468 3621 527 3678; x_wconf 93' lang='lat' dir='ltr'>hibi</span> <span class='ocrx_word' id='word_1_282' title='bbox 548 3623 644 3679; x_wconf 90' lang='lat' dir='ltr'>babuit</span> <span class='ocrx_word' id='word_1_283' title='bbox 664 3624 699 3680; x_wconf 93' lang='lat' dir='ltr'>ad</span> <span class='ocrx_word' id='word_1_284' title='bbox 721 3624 927 3696; x_wconf 88' lang='lat' dir='ltr'>operimentum</span> <span class='ocrx_word' id='word_1_285' title='bbox 954 3625 1079 3697; x_wconf 89' lang='lat' dir='ltr'>corporis</span> <span class='ocrx_word' id='word_1_286' title='bbox 1104 3626 1163 3694; x_wconf 92' lang='lat' dir='ltr'>sui,</span> <span class='ocrx_word' id='word_1_287' title='bbox 1196 3631 1269 3682; x_wconf 89' lang='lat' dir='ltr'>totus</span> <span class='ocrx_word' id='word_1_288' title='bbox 1290 3633 1331 3680; x_wconf 87' lang='lat' dir='ltr'>tu-</span> 
     </span>
     <span class='ocr_line' id='line_1_32' title="bbox 275 3719 1331 3798; baseline 0.004 -22"><span class='ocrx_word' id='word_1_289' title='bbox 275 3719 359 3785; x_wconf 71' lang='lat' dir='ltr'>tissa,</span> <span class='ocrx_word' id='word_1_290' title='bbox 392 3726 420 3776; x_wconf 90' lang='lat' dir='ltr'>ct</span> <span class='ocrx_word' id='word_1_291' title='bbox 439 3719 499 3792; x_wconf 88' lang='lat' dir='ltr'>ipsa</span> <span class='ocrx_word' id='word_1_292' title='bbox 520 3721 692 3777; x_wconf 87' lang='lat' dir='ltr'>remansissit</span> <span class='ocrx_word' id='word_1_293' title='bbox 712 3723 817 3786; x_wconf 80' lang='lat' dir='ltr'>nuda3&#39;</span> <span class='ocrx_word' id='word_1_294' title='bbox 836 3730 864 3778; x_wconf 90' lang='lat' dir='ltr'>et</span> <span class='ocrx_word' id='word_1_295' title='bbox 891 3723 938 3795; x_wconf 91' lang='lat' dir='ltr'>qui</span> <span class='ocrx_word' id='word_1_296' title='bbox 961 3723 1039 3780; x_wconf 88' lang='lat' dir='ltr'>ibant</span> <span class='ocrx_word' id='word_1_297' title='bbox 1059 3731 1086 3780; x_wconf 95' lang='lat' dir='ltr'>et</span> <span class='ocrx_word' id='word_1_298' title='bbox 1107 3724 1261 3781; x_wconf 87' lang='lat' dir='ltr'>transibant</span> <span class='ocrx_word' id='word_1_299' title='bbox 1282 3743 1331 3798; x_wconf 93' lang='lat' dir='ltr'>per</span> 
     </span>
     <span class='ocr_line' id='line_1_33' title="bbox 276 3818 1331 3895; baseline 0.004 -19"><span class='ocrx_word' id='word_1_300' title='bbox 276 3821 367 3876; x_wconf 91' lang='lat' dir='ltr'>locum</span> <span class='ocrx_word' id='word_1_301' title='bbox 388 3818 477 3888; x_wconf 86' lang='lat' dir='ltr'>illum,</span> <span class='ocrx_word' id='word_1_302' title='bbox 501 3834 552 3890; x_wconf 90' lang='lat' dir='ltr'>pro</span> <span class='ocrx_word' id='word_1_303' title='bbox 574 3819 694 3891; x_wconf 87' lang='lat' dir='ltr'>peccatis</span> <span class='ocrx_word' id='word_1_304' title='bbox 710 3821 848 3876; x_wconf 82' lang='lat' dir='ltr'>rodebant</span> <span class='ocrx_word' id='word_1_305' title='bbox 864 3821 1056 3893; x_wconf 86' lang='lat' dir='ltr'>turpitutinem</span> <span class='ocrx_word' id='word_1_306' title='bbox 1071 3823 1145 3895; x_wconf 88' lang='lat' dir='ltr'>ejus:</span> <span class='ocrx_word' id='word_1_307' title='bbox 1169 3823 1227 3894; x_wconf 87' lang='lat' dir='ltr'>ipsa</span> <span class='ocrx_word' id='word_1_308' title='bbox 1240 3830 1331 3880; x_wconf 89' lang='lat' dir='ltr'>autem</span> 
     </span>
     <span class='ocr_line' id='line_1_34' title="bbox 276 3916 1330 3991; baseline 0.004 -17"><span class='ocrx_word' id='word_1_309' title='bbox 276 3917 305 3974; x_wconf 93' lang='lat' dir='ltr'>io</span> <span class='ocrx_word' id='word_1_310' title='bbox 332 3916 393 3991; x_wconf 88' lang='lat' dir='ltr'>ipso</span> <span class='ocrx_word' id='word_1_311' title='bbox 416 3917 499 3973; x_wconf 86' lang='lat' dir='ltr'>llurio</span> <span class='ocrx_word' id='word_1_312' title='bbox 520 3933 630 3990; x_wconf 87' lang='lat' dir='ltr'>semper</span> <span class='ocrx_word' id='word_1_313' title='bbox 650 3926 723 3974; x_wconf 87' lang='lat' dir='ltr'>stare</span> <span class='ocrx_word' id='word_1_314' title='bbox 745 3936 802 3974; x_wconf 90' lang='lat' dir='ltr'>non</span> <span class='ocrx_word' id='word_1_315' title='bbox 824 3921 977 3991; x_wconf 88' lang='lat' dir='ltr'>potuebat:</span> <span class='ocrx_word' id='word_1_316' title='bbox 1010 3930 1147 3978; x_wconf 86' lang='lat' dir='ltr'>revertere</span> <span class='ocrx_word' id='word_1_317' title='bbox 1175 3928 1265 3980; x_wconf 88' lang='lat' dir='ltr'>autem</span> <span class='ocrx_word' id='word_1_318' title='bbox 1295 3922 1330 3978; x_wconf 94' lang='lat' dir='ltr'>ad</span> 
     </span>
     <span class='ocr_line' id='line_1_35' title="bbox 276 4016 1331 4093; baseline 0.003 -20"><span class='ocrx_word' id='word_1_319' title='bbox 276 4032 368 4074; x_wconf 87' lang='lat' dir='ltr'>casam</span> <span class='ocrx_word' id='word_1_320' title='bbox 387 4032 466 4072; x_wconf 91' lang='lat' dir='ltr'>suam</span> <span class='ocrx_word' id='word_1_321' title='bbox 487 4016 561 4072; x_wconf 89' lang='lat' dir='ltr'>nuda</span> <span class='ocrx_word' id='word_1_322' title='bbox 582 4016 774 4076; x_wconf 88' lang='lat' dir='ltr'>erubisciebat.</span> <span class='ocrx_word' id='word_1_323' title='bbox 796 4018 917 4075; x_wconf 88' lang='lat' dir='ltr'>Proinde</span> <span class='ocrx_word' id='word_1_324' title='bbox 937 4019 1092 4088; x_wconf 91' lang='lat' dir='ltr'>statuimus,</span> <span class='ocrx_word' id='word_1_325' title='bbox 1115 4020 1163 4093; x_wconf 91' lang='lat' dir='ltr'>qui</span> <span class='ocrx_word' id='word_1_326' title='bbox 1185 4023 1267 4078; x_wconf 83' lang='lat' dir='ltr'>telem</span> <span class='ocrx_word' id='word_1_327' title='bbox 1289 4021 1331 4077; x_wconf 92' lang='lat' dir='ltr'>in-</span> 
     </span>
     <span class='ocr_line' id='line_1_36' title="bbox 276 4113 1331 4188; baseline 0.006 -18"><span class='ocrx_word' id='word_1_328' title='bbox 276 4113 357 4170; x_wconf 77' lang='lat' dir='ltr'>lecito</span> <span class='ocrx_word' id='word_1_329' title='bbox 377 4114 614 4188; x_wconf 90' lang='lat' dir='ltr'>presumptionem</span> <span class='ocrx_word' id='word_1_330' title='bbox 636 4115 750 4179; x_wconf 86' lang='lat' dir='ltr'>iecerit,</span> <span class='ocrx_word' id='word_1_331' title='bbox 773 4123 915 4187; x_wconf 90' lang='lat' dir='ltr'>conponat</span> <span class='ocrx_word' id='word_1_332' title='bbox 934 4119 1026 4174; x_wconf 88' lang='lat' dir='ltr'>eidem</span> <span class='ocrx_word' id='word_1_333' title='bbox 1048 4117 1160 4188; x_wconf 85' lang='lat' dir='ltr'>lemine,</span> <span class='ocrx_word' id='word_1_334' title='bbox 1183 4119 1227 4175; x_wconf 90' lang='lat' dir='ltr'>cui</span> <span class='ocrx_word' id='word_1_335' title='bbox 1248 4121 1331 4176; x_wconf 90' lang='lat' dir='ltr'>talem</span> 
     </span>
     <span class='ocr_line' id='line_1_37' title="bbox 277 4211 1330 4290; baseline 0.007 -23"><span class='ocrx_word' id='word_1_336' title='bbox 277 4211 468 4284; x_wconf 89' lang='lat' dir='ltr'>turpitutiuem</span> <span class='ocrx_word' id='word_1_337' title='bbox 490 4212 563 4283; x_wconf 86' lang='lat' dir='ltr'>lecit,</span> <span class='ocrx_word' id='word_1_338' title='bbox 588 4213 647 4285; x_wconf 89' lang='lat' dir='ltr'>ipse</span> <span class='ocrx_word' id='word_1_339' title='bbox 668 4214 806 4285; x_wconf 88' lang='lat' dir='ltr'>widrigild</span> <span class='ocrx_word' id='word_1_340' title='bbox 826 4230 914 4273; x_wconf 88' lang='lat' dir='ltr'>suum.</span> <span class='ocrx_word' id='word_1_341' title='bbox 944 4215 1011 4272; x_wconf 92' lang='lat' dir='ltr'>ldeo</span> <span class='ocrx_word' id='word_1_342' title='bbox 1033 4216 1086 4272; x_wconf 89' lang='lat' dir='ltr'>boc</span> <span class='ocrx_word' id='word_1_343' title='bbox 1107 4215 1241 4287; x_wconf 85' lang='lat' dir='ltr'>dicemus,</span> <span class='ocrx_word' id='word_1_344' title='bbox 1265 4218 1330 4290; x_wconf 90' lang='lat' dir='ltr'>quia</span> 
     </span>
     <span class='ocr_line' id='line_1_38' title="bbox 277 4308 1331 4389; baseline 0.004 -23"><span class='ocrx_word' id='word_1_345' title='bbox 277 4310 300 4366; x_wconf 91' lang='lat' dir='ltr'>si</span> <span class='ocrx_word' id='word_1_346' title='bbox 320 4308 466 4367; x_wconf 82' lang='lat' dir='ltr'>invenissit</span> <span class='ocrx_word' id='word_1_347' title='bbox 486 4328 548 4368; x_wconf 87' lang='lat' dir='ltr'>eam</span> <span class='ocrx_word' id='word_1_348' title='bbox 568 4319 712 4385; x_wconf 85' lang='lat' dir='ltr'>poteraut</span> <span class='ocrx_word' id='word_1_349' title='bbox 732 4313 816 4369; x_wconf 84' lang='lat' dir='ltr'>frater</span> <span class='ocrx_word' id='word_1_350' title='bbox 837 4319 883 4370; x_wconf 87' lang='lat' dir='ltr'>aut</span> <span class='ocrx_word' id='word_1_351' title='bbox 902 4313 944 4369; x_wconf 82' lang='lat' dir='ltr'>vir</span> <span class='ocrx_word' id='word_1_352' title='bbox 970 4321 1017 4370; x_wconf 90' lang='lat' dir='ltr'>aut</span> <span class='ocrx_word' id='word_1_353' title='bbox 1036 4316 1210 4389; x_wconf 90' lang='lat' dir='ltr'>propinquus</span> <span class='ocrx_word' id='word_1_354' title='bbox 1232 4332 1331 4387; x_wconf 90' lang='lat' dir='ltr'>paren-</span> 
     </span>
     <span class='ocr_line' id='line_1_39' title="bbox 276 4406 1330 4481; baseline 0.008 -19"><span class='ocrx_word' id='word_1_355' title='bbox 276 4406 311 4463; x_wconf 88' lang='lat' dir='ltr'>tis</span> <span class='ocrx_word' id='word_1_356' title='bbox 331 4407 455 4480; x_wconf 87' lang='lat' dir='ltr'>ejusdem</span> <span class='ocrx_word' id='word_1_357' title='bbox 475 4409 596 4481; x_wconf 86' lang='lat' dir='ltr'>lemine,</span> <span class='ocrx_word' id='word_1_358' title='bbox 624 4411 785 4468; x_wconf 89' lang='lat' dir='ltr'>scandalum</span> <span class='ocrx_word' id='word_1_359' title='bbox 817 4428 881 4468; x_wconf 89' lang='lat' dir='ltr'>cum</span> <span class='ocrx_word' id='word_1_360' title='bbox 912 4430 974 4470; x_wconf 91' lang='lat' dir='ltr'>eum</span> <span class='ocrx_word' id='word_1_361' title='bbox 996 4413 1140 4470; x_wconf 86' lang='lat' dir='ltr'>comittere</span> <span class='ocrx_word' id='word_1_362' title='bbox 1161 4412 1272 4479; x_wconf 89' lang='lat' dir='ltr'>babuit,</span> <span class='ocrx_word' id='word_1_363' title='bbox 1303 4422 1330 4470; x_wconf 89' lang='lat' dir='ltr'>et</span> 
     </span>
     <span class='ocr_line' id='line_1_40' title="bbox 279 4504 1330 4586; baseline 0.008 -24"><span class='ocrx_word' id='word_1_364' title='bbox 279 4504 327 4578; x_wconf 89' lang='lat' dir='ltr'>qui</span> <span class='ocrx_word' id='word_1_365' title='bbox 347 4521 477 4579; x_wconf 86' lang='lat' dir='ltr'>superare</span> <span class='ocrx_word' id='word_1_366' title='bbox 498 4509 638 4582; x_wconf 86' lang='lat' dir='ltr'>potuissit,</span> <span class='ocrx_word' id='word_1_367' title='bbox 662 4525 732 4568; x_wconf 84' lang='lat' dir='ltr'>unus</span> <span class='ocrx_word' id='word_1_368' title='bbox 746 4511 863 4568; x_wconf 85' lang='lat' dir='ltr'>alterum</span> <span class='ocrx_word' id='word_1_369' title='bbox 876 4510 1032 4571; x_wconf 88' lang='lat' dir='ltr'>interficere</span> <span class='ocrx_word' id='word_1_370' title='bbox 1049 4512 1162 4579; x_wconf 89' lang='lat' dir='ltr'>babuit;</span> <span class='ocrx_word' id='word_1_371' title='bbox 1184 4519 1330 4586; x_wconf 88' lang='lat' dir='ltr'>propterea</span> 
     </span>
    </p>
   </div>
   <div class='ocr_carea' id='block_1_7' title="bbox 0 0 1526 5144">
    <p class='ocr_par' dir='ltr' id='par_1_7' title="bbox 0 0 1526 5144">
     <span class='ocr_line' id='line_1_41' title="bbox 0 0 1526 5144; baseline 0 0"><span class='ocrx_word' id='word_1_372' title='bbox 0 0 1526 5144; x_wconf 95' lang='lat' dir='ltr'> </span> 
     </span>
    </p>
   </div>
  </div>
 </body>
</html>
