3048 5130
266 519 309 584 20
663 539 817 584 aosmars
840 540 931 586 naurs

266 688 301 746 de
318 688 486 760 logolarem,
508 688 643 748 damnum
663 689 759 749 lecerit
779 690 833 749 sibi
853 697 902 749 aut
921 691 1034 749 alterius
1054 692 1227 764 contegent,
1262 708 1320 749 uon

266 787 293 846 ei
313 788 478 861 requiratur.

343 888 427 945 148.
468 885 502 943 Si‘
526 886 589 959 quis
615 886 712 958 logum
739 886 806 944 loris
832 887 863 944 in
890 886 989 943 itinere
1019 886 1130 957 lecerit,
1169 894 1320 960 antequam

266 985 424 1057 egrediatur
444 983 589 1060 extinguat
608 1001 689 1054 eum,
719 990 747 1041 et
767 1001 823 1041 non
845 986 1024 1056 neclegenter
1044 986 1179 1054 dimittat3
1212 1003 1276 1043 nam
1297 985 1320 1042 si

266 1084 419 1158 contegerlt
447 1089 510 1156 post
531 1098 672 1154 egressum
692 1081 780 1155 ipsius
801 1082 885 1140 alicui
906 1100 940 1140 ex
960 1084 1051 1157 ipsum
1072 1085 1166 1142 iocum
1186 1084 1320 1140 damnum

265 1189 314 1238 aut
333 1181 470 1239 lesionem
491 1181 596 1251 iecerit,
619 1182 679 1254 ipse
701 1182 749 1254 qui
772 1183 865 1238 iocum
885 1182 991 1252 lecerit,
1013 1190 1061 1239 aut
1081 1185 1259 1253 neclegenter
1279 1181 1322 1237 di-

265 1279 349 1349 misit,
373 1279 506 1336 damnum
526 1278 599 1336 sieut
618 1278 781 1336 arbitratum
802 1279 896 1345 luerit,
919 1287 1003 1352 caput
1020 1287 1138 1351 tantum,
1161 1287 1318 1354 conponat:

265 1378 304 1435 sic
325 1385 417 1434 tamen
439 1382 469 1432 ut
493 1383 557 1449 post
586 1376 715 1433 relictum
735 1376 798 1434 loco
819 1393 874 1450 qua
906 1395 953 1434 ora
978 1395 1043 1435 eum
1063 1379 1209 1452 reliquerit
1230 1395 1320 1452 usque

266 1475 405 1534 adullam
425 1475 509 1531 talem
530 1491 583 1550 ora„
602 1474 728 1548 dieiaut
748 1475 838 1531 noctis
859 1482 1039 1549 conpotetur,
1069 1477 1146 1549 quod
1172 1485 1237 1533 suut
1258 1493 1320 1534 oras

264 1573 368 1645 vigenti
389 1555 580 1646 etquattuor.
622 1573 691 1632 Nam
712 1574 735 1630 si
757 1574 912 1645 contegerit
932 1574 1049 1632 transire
1068 1574 1130 1647 ipso
1151 1574 1214 1630 loco
1236 1591 1321 1648 super

264 1671 377 1745 publica
398 1671 440 1728 via
462 1678 510 1728 aut
530 1669 607 1738 ribo,
631 1671 765 1729 damnum
785 1672 808 1728 si
830 1671 941 1742 lecerit,
965 1689 1023 1729 uon
1044 1671 1070 1728 ei
1091 1673 1250 1745 requiratur
1270 1673 1320 1746 qui

265 1770 359 1828 iocum
380 1768 495 1826 dimisit.

342 1870 428 1925 149.
450 1865 502 1941 (De
522 1867 622 1923 molino
642 1864 754 1940 indeo.)
776 1866 806 1922 Si
828 1866 890 1938 quis
911 1867 1050 1924 molinum
1063 1867 1176 1924 alterius
1197 1875 1255 1926 asto
1276 1870 1320 1926 in·

265 1965 401 2036 condecit,
424 1965 453 2021 id
471 1971 512 2020 est
527 1964 708 2034 volontariae,
731 1963 760 2020 in
783 1965 901 2021 treblom
921 1982 986 2022 cum
1001 1966 1127 2022 restituat
1147 1966 1320 2026 subestimu-

206 2119 208 2126 ,
265 2064 370 2120 tionem
391 2063 442 2134 rel,
466 2078 532 2119 cum
552 2061 646 2118 omnia
668 2078 723 2134 que
742 2061 819 2118 intus
839 2070 958 2120 cremata
980 2072 1053 2124 sunt.

344 2162 433 2225 aso.
475 2159 506 2216 Si
528 2160 591 2232 quis
611 2159 750 2216 molinum
771 2160 884 2218 alterius
910 2163 1076 2235 capelaverit
1096 2171 1144 2220 aut
1163 2165 1252 2221 sclusa
1272 2180 1320 2221 ru-

265 2261 338 2334 perit
363 2259 425 2316 sine
453 2256 616 2315 auctoritate
628 2257 759 2330 dudecis,
791 2267 932 2332 conponat
955 2261 1062 2318 solidus
1090 2262 1238 2319 duodicem
1266 2261 1317 2332 itti,

265 2360 344 2432 cujus
364 2356 487 2414 molinus
508 2372 568 2412 esse
590 2355 739 2414 invenitur.
780 2357 817 2412 Et
837 2356 860 2413 si
877 2357 1003 2430 judicem
1027 2359 1259 2433 interpellaverit,
1291 2368 1320 2418 et

261 2457 348 2530 judex
359 2454 515 2512 dilataverit
526 2454 586 2526 ipsa
600 2470 683 2512 causa
697 2454 862 2524 deliberare,
881 2463 929 2511 ant
945 2456 1085 2514 licentiam
1101 2458 1209 2515 dederit
1225 2475 1318 2516 averse

263 2555 336 2628 parti
357 2553 450 2627 ipsum
469 2553 607 2609 molinum
629 2552 788 2622 evertendi,
812 2562 953 2627 conponat
972 2555 1077 2612 solidos
1097 2557 1200 2627 vigenti
1219 2556 1249 2613 in
1270 2573 1319 2632 pa·

263 2653 330 2710 latio
352 2653 425 2724 regis
446 2651 586 2707 districtus
606 2651 641 2707 ab
662 2652 807 2709 stolesaao.

343 2750 423 2808 161.
465 2749 495 2806 Si
517 2748 580 2823 quis
600 2749 738 2805 molinum
759 2749 788 2805 in
810 2756 910 2806 terram
931 2749 1051 2806 alienam
1072 2751 1268 2824 aedificaverit,
1291 2761 1320 2809 et

263 2865 313 2906 sua
333 2864 449 2922 provere
471 2865 528 2904 non
549 2847 688 2920 potuerit,
718 2845 825 2904 amittat
851 2847 989 2904 molinum
1018 2852 1045 2904 et
1072 2865 1184 2906 omnem
1205 2868 1318 2925 operam

262 2963 361 3018 suam,
394 2953 422 3003 et
440 2947 488 3003 ille
510 2946 611 3002 lrabeat
630 2944 709 3018 cujus
730 2953 802 3004 terre
823 2951 871 3001 aut
897 2945 958 3017 ripa
978 2961 1038 3002 esse
1064 2945 1222 3016 invenitur;
1251 2948 1317 3022 quia

263 3062 360 3104 omnes
380 3045 450 3103 seire
471 3045 575 3102 debent
596 3044 673 3118 quod
693 3059 776 3100 suum
797 3059 854 3099 non
875 3043 997 3099 alienum
1018 3049 1067 3102 est

343 3145 428 3202 los.
471 3140 515 3217 (Si
534 3145 673 3215 operam
693 3145 727 3198 od
745 3144 924 3220 olioyogotos
937 3144 969 3197 in
989 3159 1070 3214 opero
1084 3143 1318 3219 mortomloeait.)

263 3243 293 3300 Si
315 3242 379 3317 quis
400 3241 543 3314 operarius
565 3240 703 3312 rogaverit
722 3246 770 3297 aot
790 3240 957 3297 conduxerit
977 3240 1006 3296 in
1029 3257 1123 3313 opera,
1146 3249 1174 3297 et
1194 3259 1257 3300 caso
1279 3242 1319 3299 la·

263 3342 383 3398 cientem
400 3339 555 3411 contegerit
575 3353 608 3394 ex
624 3339 692 3412 ipsis
713 3345 760 3395 aut
780 3337 810 3394 iu
823 3355 895 3411 aque
916 3338 998 3408 mori,
1022 3346 1070 3395 aut
1089 3339 1235 3396 alulmine
1256 3356 1318 3412 per·
1388 3373 1397 3384 ι

262 3439 335 3508 cuti,
358 3446 406 3496 aut
426 3455 442 3494 a
462 3443 545 3494 vento
566 3437 695 3494 arborem
716 3437 820 3493 morito
842 3443 890 3493 aut
910 3436 1023 3509 propria
1043 3445 1132 3494 morte
1152 3438 1236 3503 mori,
1260 3453 1317 3494 non

262 3535 421 3609 requiratur
441 3535 476 3592 ab
496 3551 530 3591 eo
552 3535 600 3607 qui
622 3534 758 3590 conduxit
780 3541 828 3592 aut
848 3534 972 3604 rogavit3
1003 3541 1111 3590 tantum
1142 3542 1183 3592 est
1213 3543 1244 3591 ut
1268 3550 1319 3607 per

261 3635 348 3708 ipsius
369 3633 472 3690 lactum
493 3632 542 3706 qui
563 3633 697 3690 conduxit
718 3639 766 3689 aut
785 3631 997 3689 abdominibus
1019 3633 1079 3706 ejus
1099 3649 1155 3689 non
1174 3634 1317 3693 moriatur.

261 3733 297 3789 lit
322 3731 344 3788 si
376 3748 391 3788 a
417 3745 595 3803 quecumque
622 3746 695 3787 uuus
716 3730 817 3787 horum
839 3730 947 3788 occisus
967 3730 1052 3787 luerit
1071 3737 1119 3788 aut
1139 3733 1230 3802 lesus,
1258 3733 1317 3805 ipse

261 3835 402 3902 conponat
423 3827 472 3901 qui
493 3843 558 3885 eum
580 3827 707 3886 occiserit
727 3835 776 3886 aut
795 3829 898 3890 leserit.

494 4031 639 4111 INCIPIT
661 4031 714 4096 DE
736 4031 852 4097 Ftttts
874 4033 1087 4101 LEGITIMIS.

339 4203 423 4262 151.
445 4201 497 4276 (De
516 4204 616 4276 modos
636 4200 848 4276 cognationum.)
882 4202 987 4261 Omnes
1008 4189 1155 4276 parentilla
1176 4220 1263 4277 usque
1285 4204 1315 4261 in

259 4284 409 4374 septimum
429 4301 591 4372 geniculum
612 4307 790 4366 nomeretur,
824 4307 854 4357 ut
879 4317 979 4374 parens
1000 4301 1108 4375 parenti
1129 4319 1178 4376 per
1198 4302 1315 4373 gradum

259 4403 288 4456 ct
307 4400 453 4470 parentilla
474 4399 548 4457 heris
563 4400 709 4467 succedat3
733 4400 773 4456 sic
787 4406 879 4457 tamen
902 4408 933 4457 ut
952 4401 999 4458 ille
1022 4399 1072 4474 qui
1088 4401 1237 4459 succedere
1257 4403 1316 4460 vult

260 4497 424 4555 nominatim
457 4497 612 4573 {inicuique
644 4499 760 4556 nomina
789 4507 937 4572 parentum
965 4506 1173 4557 autecessorum
1198 4515 1314 4564 suorum
