3048 5130
541 543 678 589 nurerum
701 542 767 592 car.
791 539 829 582 tn
845 562 872 570 -
885 539 933 584 aas.
1231 525 1272 590 1'1

212 694 309 765 ticani,
323 699 408 768 atque
418 694 516 766 aldios,
532 702 579 752 aut
588 695 713 766 ancillas,
725 710 823 752 manns
836 699 883 750 ant
898 692 976 765 pedis
990 693 1034 750 vel
1046 693 1169 766 quolevit
1185 711 1273 754 mem-

214 793 294 849 brum
318 793 367 866 qui
385 795 511 866 plagatus
532 800 578 849 aut
595 809 740 866 percussus
761 799 802 848 est
816 792 965 849 sideratum
979 791 1071 862 luerit,
1090 799 1118 849 et
1133 811 1189 850 non
1212 811 1274 868 per·

213 893 376 962 excusserit,
399 891 482 948 simili
497 892 581 948 modo
598 897 774 965 conponatur
785 897 924 964 tamquam
941 890 964 948 si
977 905 1040 948 cum
1053 893 1270 965 perexenssissit.

292 991 371 1047 111.
414 989 519 1047 Omnes
545 1006 610 1047 vero
636 992 732 1063 plagas
758 996 806 1046 aut
825 989 919 1046 feritas
940 996 996 1046 tam
1023 990 1058 1046 de
1079 990 1167 1048 aldins
1189 1009 1272 1066 quam

213 1094 241 1144 ct
269 1088 304 1144 de
332 1105 424 1146 servus
446 1087 641 1145 ministeriales
662 1105 711 1144 sen
742 1088 813 1145 servi
833 1087 970 1159 rustigani
999 1094 1081 1161 atque
1112 1092 1198 1148 aldias
1226 1100 1274 1150 aut

212 1192 344 1257 ancillas,
369 1209 423 1265 que
444 1191 518 1248 inter
539 1208 587 1248 eos
608 1197 753 1260 evenerat,
785 1207 835 1264 per
864 1191 918 1248 hoe
939 1191 1030 1248 tinore
1056 1189 1126 1246 sicut
1147 1191 1273 1264 superins
1309 1233 1312 1240 .

212 1289 346 1361 scriptum
366 1295 408 1346 cst
427 1289 550 1346 finiatur.
595 1289 626 1346 Si
655 1297 747 1346 antem
775 1289 877 1346 exinde
905 1289 1012 1363 aliquas
1043 1288 1170 1346 dubietas
1191 1289 1273 1346 inerit

214 1387 291 1459 quod
313 1388 430 1444 evadere
451 1393 498 1444 ant
518 1387 598 1444 citius
612 1403 709 1443 sanare
731 1404 789 1444 non
806 1387 905 1459 possit,
929 1393 995 1444 tnnc
1011 1387 1187 1444 medietatem
1209 1403 1273 1460 pre·

213 1485 244 1541 tii
267 1484 301 1540 de
324 1486 404 1557 plaga
426 1485 502 1558 qnod
523 1485 653 1541 arbitrata
674 1484 757 1540 inerit
776 1484 905 1540 dominus
921 1485 1056 1560 accipiat:
1079 1485 1186 1558 reliqua
1207 1501 1272 1542 vern

211 1582 348 1640 medietas
369 1583 562 1656 suspendatur,
585 1583 652 1638 dum
673 1598 760 1655 nsque
782 1583 961 1652 cognuscitnr
986 1583 1009 1638 si
1030 1582 1101 1640 intra
1123 1585 1189 1641 anni
1211 1601 1272 1657 spa·

211 1680 282 1737 tium
303 1687 394 1753 potest
414 1681 448 1737 de
469 1681 537 1753 ipsis
559 1681 646 1753 plagis
666 1681 792 1738 evadere.
832 1679 861 1736 Si
884 1680 1012 1750 evaserit,
1036 1682 1111 1753 quod
1134 1682 1272 1754 reliquum

213 1786 255 1835 est
283 1780 463 1851 conpleatur:
494 1779 516 1834 si
540 1785 631 1835 autem
663 1779 697 1835 de
725 1779 798 1851 ipsas
829 1779 924 1851 plagas
952 1785 1076 1834 mortuos
1097 1779 1184 1836 inerit
1200 1779 1272 1838 intra

213 1877 281 1933 anni
302 1877 438 1949 spatium,
461 1876 532 1933 sicut
552 1878 647 1934 subter
667 1877 806 1934 adnexum
827 1884 868 1934 est
887 1877 926 1934 ita
947 1876 1063 1932 domino
1084 1885 1270 1949 conponatur,

213 1982 241 2030 et
272 1991 326 2047 que
355 1991 404 2047 pre
426 1974 537 2046 plagam
557 1982 701 2049 acceptum
728 1981 771 2032 est
795 1975 825 2032 in
854 1975 915 2051 ipsa
936 1991 1044 2033 summa
1063 1974 1272 2047 conpositiones

212 2071 316 2128 mortui
337 2079 489 2145 repotetur.
835 2065 838 2071 ’

292 2171 376 2228 118.
418 2169 471 2240 (De
498 2189 528 2227 eo
555 2173 603 2241 qai
627 2171 724 2242 plopos
747 2167 864 2242 fecerit.)
906 2170 960 2238 Qui
981 2172 1076 2244 plagas
1097 2171 1193 2228 iecerit
1212 2170 1272 2244 ipse

214 2274 313 2341 querat
333 2268 460 2325 medico:
490 2275 518 2324 et
547 2267 570 2323 si
591 2267 758 2337 neclexerit,
792 2267 926 2324 tuncille
949 2267 998 2340 qui
1019 2269 1144 2341 plagatus
1165 2275 1273 2326 estant

213 2366 343 2439 dominus
370 2367 427 2440 ejus
454 2366 579 2423 inveniat
599 2366 748 2426 medicum.
790 2367 827 2422 Et
854 2365 903 2422 ille
923 2364 971 2437 qui
994 2374 1076 2438 caput
1096 2367 1199 2439 rumpit
1226 2374 1274 2424 aut

212 2467 412 2537 suprascriptas
434 2466 529 2536 plagas
550 2463 630 2529 feeit,
660 2470 688 2520 et
709 2479 808 2536 operas
831 2462 944 2532 reddat,
967 2469 995 2519 ct
1015 2465 1152 2521 mercedis
1172 2466 1273 2522 medici

213 2565 361 2636 persolvat,
385 2570 518 2636 quantum
540 2579 590 2634 per
610 2560 707 2618 doetus
729 2561 857 2618 homenis
878 2561 1040 2618 arbitratum
1062 2561 1152 2622 inerit.

294 2663 379 2718 111).
401 2659 456 2731 (De
476 2662 551 2716 aldio
571 2656 680 2733 occiso.)
723 2659 753 2716 Si
774 2659 836 2732 quis
857 2657 962 2716 aldium
982 2661 1106 2717 alienum
1128 2660 1271 2732 occiderit,

215 2766 357 2830 conponat
376 2757 481 2814 solidos
501 2766 660 2828 sexagenta.

294 2856 381 2913 110.
403 2853 455 2929 (De
473 2873 548 2912 seruo
564 2849 741 2912 ministeriale
761 2851 867 2929 occiso.)
889 2855 918 2911 Si
940 2854 1003 2928 quis
1024 2872 1131 2912 servum
1152 2857 1274 2913 alienum

215 2952 424 3010 ministerialem
445 2954 593 3026 probatum
614 2960 644 3009 ut
662 2954 744 3010 snbra
766 2961 813 3010 aut
833 2953 947 3011 doctum
968 2953 1111 3020 occiserit,
1134 2959 1276 3026 conponat

149 3067 153 3070 ·
215 3049 319 3106 solidos
340 3050 557 3124 quinquagenta.

294 3152 372 3207 111.
416 3149 456 3206 lle
477 3149 532 3206 alio
554 3165 618 3205 vero
640 3147 819 3206 ministeriale
841 3149 889 3222 qui
912 3149 1049 3208 secundus
1076 3149 1101 3205 ei
1122 3148 1271 3219 invenitur,

215 3254 307 3304 umen
328 3263 431 3304 nomen
454 3247 665 3304 ministerialem
685 3247 802 3318 habeat,
832 3247 855 3304 si
877 3247 939 3320 qnis
960 3247 1110 3317 occiderit,
1134 3253 1276 3319 conponat

215 3345 320 3402 solidos
340 3345 439 3416 viginti
459 3353 486 3401 et
506 3345 640 3418 quinque.

295 3446 378 3501 m.
401 3442 453 3518 (De
480 3461 556 3500 seruo
581 3439 715 3500 mencio
735 3440 841 3516 occiso.)
883 3440 998 3514 siquis
1024 3456 1133 3498 servum
1152 3441 1276 3500 alienum

217 3541 381 3599 massarium
402 3541 539 3610 occiserit,
564 3546 706 3613 conponat
725 3539 830 3597 solidos
849 3540 956 3611 viginti.

296 3642 379 3698 111.
402 3636 454 3713 (De
474 3641 582 3696 lmrdeo
603 3637 707 3712 cedro.)
749 3638 779 3694 Si
801 3638 863 3711 quis
884 3654 993 3694 sermm
1013 3637 1136 3696 alienum
1157 3638 1275 3695 bovuleo

218 3739 253 3795 dc
274 3739 331 3794 sala
355 3736 498 3808 occiderit,
521 3743 663 3809 conponat
682 3735 793 3791 soledus
814 3734 922 3806 viginti.

294 3837 377 3894 134.
400 3833 452 3908 (De
480 3853 556 3891 seno
583 3836 724 3905 rustipono
751 3837 799 3904 qni
826 3835 874 3890 sub
901 3836 1035 3890 massario
1061 3831 1120 3907 est.)
1161 3832 1192 3890 Si
1214 3831 1276 3904 quis

216 3951 325 3992 servum
346 3935 468 3991 alienum
490 3933 662 4004 rustiganum
683 3931 731 4004 qui
752 3933 803 3989 sub
824 3930 956 3988 massario
979 3938 1022 3989 est
1041 3931 1186 4001 occiserit,
1209 3947 1278 3987 con-

215 4039 304 4105 ponat
323 4033 427 4091 solidos
448 4033 585 4092 sedecem.

295 4132 379 4189 116.
408 4126 461 4202 (De
489 4140 609 4203 pastores
634 4132 775 4203 porcarios
799 4124 923 4201 ocrim)
967 4127 997 4184 Si
1030 4125 1091 4200 quis
1119 4125 1277 4199 porcarium

216 4229 338 4288 alienum
361 4229 497 4299 occiserit,
520 4237 688 4301 magestrnm
709 4236 801 4285 tamen
821 4228 911 4299 illum,
936 4227 984 4301 qui
1005 4225 1055 4281 snb
1076 4241 1105 4282 sa
1127 4225 1278 4299 discipolus

216 4327 292 4384 havit
313 4311 373 4384 duo'
390 4335 436 4384 ant
457 4334 512 4382 tres
533 4336 580 4384 ant
601 4328 737 4401 amplius,
760 4334 904 4399 conponat
923 4323 1029 4382 solidos
1051 4323 1276 4398 quinquagenta3

216 4426 252 4482 de
273 4424 414 4483 interioris
435 4433 527 4481 autem
548 4425 689 4498 porcarius
709 4425 732 4482 si
761 4424 823 4498 quis
845 4422 988 4490 occiderit,
1012 4428 1155 4496 conponat
1173 4423 1279 4482 solidos

217 4525 321 4596 rigenti
342 4532 370 4582 et
391 4521 527 4598 quinque.
