3022 5144
170 505 334 566 llb

293 682 441 745 extructis
466 681 496 742 in
524 677 648 760 oppidis
672 677 765 738 muris
784 674 989 738 exterioribus
1014 691 1054 735 ex
1079 671 1228 736 latoribus
1254 671 1301 732 vel

295 797 395 868 suxis,
430 796 511 856 intus
542 790 682 854 dividunt
715 808 770 869 per
802 788 954 862 tabulatu,
991 787 1022 848 in
1055 786 1142 866 pagis
1173 804 1248 848 vcro
1273 795 1304 848 st

294 927 365 970 rure
389 905 570 986 saepissime
601 902 705 964 omnia
739 900 841 982 lignea
865 907 944 964 sunt.
993 900 1056 960 Nec
1081 907 1187 961 carent
1212 899 1301 961 codd.

295 1021 430 1084 terentes
462 1028 488 1077 et
518 1035 612 1096 opero
633 1035 696 1075 cum
725 1015 813 1092 ctlipo
835 1015 947 1093 secent,
986 1011 1039 1072 ubi
1073 1011 1160 1094 nulla
1190 1031 1302 1074 vocum

299 1131 493 1215 significatio.
548 1127 667 1190 Gallico
695 1145 770 1188 vero
800 1125 886 1207 operi
921 1124 1113 1205 respondent
1144 1141 1224 1204 opus
1253 1142 1303 1184 ro·

294 1246 473 1322 maniense‚
506 1243 546 1304 de
573 1259 636 1322 quo
668 1238 814 1312 inferius,
852 1256 930 1319 opus
962 1236 1176 1299 saracenicam
1209 1237 1303 1317 paulo

296 1366 367 1439 post
398 1355 547 1436 temporis
580 1351 737 1433 vulgatum
769 1351 851 1432 apud
880 1349 1044 1412 inferiores
1073 1348 1182 1416 Italos,
1224 1369 1303 1430 opus

216 1478 218 1482 ‘
296 1470 450 1552 signinum
473 1467 589 1530 iamdiu
613 1464 759 1526 Romanis
781 1472 906 1530 notum,
939 1481 1062 1525 necnon
1086 1461 1200 1523 etalio
1224 1479 1303 1543 quae

296 1601 409 1643 nornen
442 1599 460 1641 a
489 1579 632 1662 gentibus
664 1577 714 1640 vol
744 1576 869 1658 oppidis
898 1581 1094 1656 acceperunt.
1141 1572 1299 1636 Artificum

219 1759 224 1762 .
297 1714 372 1758 vero
395 1687 583 1774 stipendium
607 1691 696 1753 alteii
721 1697 762 1752 ex
784 1688 943 1752 codicibus
974 1687 1076 1749 ierunt
1099 1683 1191 1748 unias
1213 1683 1302 1746 solidi
1336 1725 1340 1732 -

295 1829 352 1890 pro
369 1806 500 1888 pedibus
514 1825 535 1866 n
556 1805 612 1879 (de
631 1800 798 1883 superficie
814 1820 938 1882 semper
958 1799 1138 1862 babendum
1156 1799 1232 1882 est),
1256 1799 1300 1861 al-

297 1920 354 1983 teri
370 1919 453 1980 idem
463 1915 608 1978 obierunt
619 1915 753 1995 pretium
766 1933 823 1993 pro
835 1933 899 1976 un:
921 1911 1003 1973 banc
1016 1912 1110 1993 igitur
1122 1911 1300 1983 lectionem,

295 2024 405 2094 rationi
429 2028 526 2110 magis
550 2034 809 2102 consentaneam,
846 2025 1039 2106 accepimus,
1076 2025 1206 2087 alteram
1231 2025 1303 2086 reli-

213 2173 217 2188 ·
295 2145 403 2217 (timus,
431 2143 551 2224 quippe¹
571 2159 651 2222 quae
676 2138 846 2220 pretiorum
878 2136 1071 2219 proportioni
1093 2135 1177 2199 haud
1201 2154 1303 2219 aeque

294 2251 492 2337 respondeat.
541 2252 754 2315 llubitavimns
785 2251 897 2324 etiam,
935 2259 1039 2314 utrum
1067 2249 1303 2331 intelligendum

296 2376 378 2431 esset
401 2368 440 2428 de
464 2385 559 2447 opere
583 2363 738 2427 formacco
762 2363 876 2441 (Gallis
893 2365 977 2443 piat,¹
998 2362 1085 2426 ltalis
1104 2361 1236 2424 fortasse
1255 2364 1303 2441 pi-

295 2483 389 2559 pioso,
424 2481 515 2542 idem
542 2477 707 2542 ⁴referente
737 2475 829 2560 voce)
863 2477 902 2539 de
935 2496 998 2559 quo
1029 2475 1156 2538 abunde
1187 2474 1305 2536 Plinius

296 2591 389 2672 (Hist.
413 2604 476 2657 nat.
501 2591 630 2655 XXXV.
656 2589 708 2654 t8.
736 2589 787 2654 lb.
812 2589 849 2652 cf.
885 2589 979 2652 etiam
1002 2587 1172 2653 Palladium
1195 2591 1218 2653 1.
1244 2587 1302 2673 ab)

298 2705 413 2768 iamdiu
443 2705 474 2764 in
505 2703 606 2775 Africa
640 2710 671 2764 et
697 2702 848 2784 Hispania
877 2701 1139 2784 vulgatissimum,
1179 2721 1305 2786 quoque

296 2824 401 2879 nostra
426 2815 519 2877 etiam
542 2822 643 2876 aetate
667 2833 856 2895 magnopere
880 2823 1006 2878 utuntur
1030 2815 1130 2890 Galli,
1163 2816 1250 2878 Sardi
1274 2825 1306 2879 ct

294 2930 376 2991 inter
404 2905 589 3007 Subalpiuos
622 2925 715 2988 Italos
745 2927 915 3007 praecipuo
944 2926 1148 2989 Alexandrini
1179 2926 1302 2988 rustici:

296 3039 357 3103 hoc
379 3060 457 3122 opus
479 3059 551 3102 vero
572 3037 737 3100 sollicitum
754 3022 840 3111 sanc,
867 3040 922 3100 sed
942 3039 1049 3101 babila
1073 3042 1165 3121 pretii
1185 3041 1305 3104 ratione

299 3173 323 3216 a.
340 3159 446 3214 nostra
469 3151 538 3233 lege
562 3151 663 3222 relati,
698 3150 823 3230 plenum
857 3151 983 3232 quidem
1013 3153 1128 3216 laboris
1157 3155 1305 3237 quodque

298 3285 361 3327 non
384 3265 450 3326 sine
474 3265 578 3327 multis
601 3263 787 3345 comparatis
818 3263 1043 3345 perficiendum
1073 3275 1131 3340 cst,
1165 3266 1304 3357 uectibus

299 3376 418 3439 scilicet
441 3385 475 3438 et
497 3376 649 3438 machinis
673 3382 704 3436 et
727 3375 884 3438 asseribus
907 3377 946 3438 ad
970 3377 1166 3440 instruendas
1181 3377 1304 3443 formas.
1338 3405 1341 3412 ·

298 3489 367 3563 Qua
389 3488 429 3550 do
452 3507 545 3550 causa
569 3487 644 3550 mibi
666 3486 815 3550 iudicium
837 3488 896 3550 erit
919 3489 1166 3572 opus'gallicum
1191 3489 1306 3552 intelli-

298 3600 433 3682 gendum
457 3617 610 3662 essenon
634 3600 863 3675 deformando,
890 3601 947 3664 sed
970 3601 1011 3664 dc
1027 3603 1166 3665 tabulato
1190 3602 1304 3684 ligneo.

297 3711 500 3774 conterantur
523 3712 616 3775 etiam
640 3720 669 3788 ςε
688 3713 767 3775 CLX
791 3721 821 3775 ct
835 3714 1059 3777 adnotationes
1082 3723 1218 3790 nostrae,
1246 3716 1300 3778 ubi

287 3824 461 3888 invidenter
493 3824 640 3906 liquebit,
655 3855 657 3860 ·
672 3826 816 3906 gallicum
841 3846 918 3908 opus
942 3827 1081 3910 ligneum
1104 3827 1212 3902 luisse,
1239 3829 1305 3892 sire

302 3957 341 4000 ox
364 3938 518 4000 asseribus
542 3937 592 3998 vel
616 3939 734 4019 magnis
758 3938 807 3999 vel
831 3938 934 4019 parvis
957 3949 1124 4004 constasse

389 4049 430 4109 m
451 4052 476 4110 si
497 4067 596 4109 areum
617 4051 743 4118 comm,
774 4052 859 4130 pedes
887 4055 1035 4114 duodecim
1054 4055 1142 4114 cudat
1163 4056 1196 4113 in
1218 4055 1306 4114 solido
1413 4075 1416 4086 ·

302 4179 369 4222 orso.
411 4161 564 4224 Incertum
588 4162 754 4224 admodum
778 4170 836 4236 est,
862 4165 1052 4246 geometriae
1072 4165 1241 4246 loquendo,
1267 4165 1307 4226 de

304 4291 366 4352 quo
389 4273 470 4352 pede
494 4282 564 4355 agat
586 4275 654 4336 lex:
670 4274 773 4356 pedis
808 4275 908 4339 cubici
937 4295 1106 4359 numquam
1136 4278 1253 4341 mentio
1273 4275 1309 4338 fit
