3022 5144
552 411 690 456 aorcrnrr
713 409 780 458 aaa.
805 405 908 451 o-ao
1227 391 1291 456 119

231 579 276 621 res
296 561 403 634 iecerit,
427 568 456 620 et
474 561 511 618 ad
531 560 781 635 scrivanepnblico
800 561 932 634 scriptam
947 559 991 618 rel
1011 577 1027 618 a
1045 557 1162 618 testibus
1179 558 1291 617 idoneis

230 662 390 719 roboratam
410 659 503 729 luerit,
525 667 553 716 et
573 666 629 716 lam
650 659 709 732 ipse
729 659 852 716 vinditor
869 674 1010 732 quamque
1031 665 1059 714 et
1076 664 1160 716 testes
1180 658 1210 714 in
1232 659 1291 730 ipsa

231 761 334 816 cadola
355 757 571 830 subscripserint
590 765 637 813 aut
657 735 756 814 manus
777 757 934 830 posuerint,
956 762 985 813 et
1004 755 1241 812 manifestaverint
1261 756 1291 813 in

230 859 290 930 ipsa
311 858 415 914 cartola
435 856 510 928 quod
532 855 653 928 pretium
674 855 816 912 intereos
837 861 969 912 statutum
988 854 1166 926 suscepissit:
1190 855 1214 910 si
1228 857 1291 928 pul·

230 962 303 1012 satus
332 953 415 1010 luerit
442 962 540 1026 postea
565 961 676 1026 emptor
696 954 772 1026 quod
794 953 913 1026 pretium
934 951 1026 1025 ipsum
1048 967 1105 1010 non
1126 955 1289 1026 conplessit,

230 1057 432 1110 sacramentum
453 1051 555 1108 exinde
576 1068 636 1107 non
657 1052 809 1124 procedat,
838 1051 890 1108 nisi
912 1051 983 1108 lorte
1003 1051 1064 1123 ipse
1084 1051 1110 1107 ci
1131 1067 1182 1123 per
1202 1052 1291 1111 wadia

230 1149 373 1220 obligarit,
396 1149 516 1221 prendat
534 1148 727 1221 fidejussorem
747 1165 837 1208 suum.

310 1244 366 1320 (V.)
388 1248 427 1304 9.
456 1246 486 1302 Si
508 1247 571 1318 quis
588 1247 675 1318 judex
696 1253 745 1303 aut
764 1247 947 1319 quiscumque
968 1247 1053 1302 homo
1074 1245 1189 1304 missum
1210 1263 1291 1306 suum

230 1343 351 1415 dirigere
372 1345 572 1417 presumpserit
587 1345 687 1414 lloma,
706 1345 849 1415 Ravenna,
870 1344 988 1417 Spoleti,
1007 1344 1181 1415 Beneuento,
1205 1346 1292 1402 Fran-

230 1443 283 1512 cia,
306 1440 448 1512 liajoaria,
472 1442 684 1511 alamanniam,
708 1441 796 1498 liitias
816 1448 864 1498 aut
883 1440 914 1497 in
935 1441 1036 1498 Araris
1057 1439 1119 1498 sine
1139 1442 1214 1512 regis
1232 1442 1291 1515 jus·

230 1540 357 1608 sionem,
385 1541 480 1596 anime
500 1557 549 1596 sue
569 1539 694 1596 incurrat
713 1539 869 1613 pericnlum
890 1545 918 1595 et
937 1555 982 1595 res
1003 1539 1061 1610 ejus
1082 1521 1258 1599 infiscentur.

309 1634 381 1710 (Vl.)
402 1639 465 1696 lt).
487 1637 676 1708 cognovimus
697 1637 773 1693 enim
795 1637 870 1709 quod
892 1652 942 1708 per
954 1636 1079 1706 singulas
1095 1635 1212 1694 civitatis
1224 1638 1292 1696 mali

229 1735 358 1792 homines
378 1751 458 1790 aeres
480 1740 507 1791 et
527 1732 710 1790 adunationes
730 1741 828 1792 contra
845 1733 969 1806 judicem
989 1749 1069 1790 suum
1090 1736 1230 1805 agendum
1252 1737 1292 1793 la·

230 1832 352 1890 ciebant.
376 1831 432 1888 Sed
446 1831 483 1888 ita
498 1831 643 1888 statuimus
660 1849 747 1902 nunc,
769 1839 800 1888 ut
819 1832 842 1888 si
863 1832 985 1888 admodo
999 1813 1184 1904 ¹quiscumque
1204 1832 1290 1890 bomo

229 1930 435 1987 adunationem.
450 1945 513 1986 oum
535 1935 666 2001 quattuor
686 1931 729 1988 rel
755 1933 880 2003 quinque
900 1937 947 1987 aut
967 1928 1087 2002 amplius
1108 1930 1230 1986 hominis
1251 1931 1292 1988 la-

229 2028 315 2097 cerii,
347 2027 469 2084 dicendo
491 2027 568 2100 quod
589 2029 761 2084 voluntatem
788 2028 875 2101 judici
901 2029 943 2084 sui
965 2043 1023 2084 non
1045 2027 1127 2084 iaciat
1148 2028 1290 2100 quasillo

229 2126 254 2182 ei
276 2131 349 2184 recte
370 2125 491 2193 dixerit,
524 2131 572 2180 aut
592 2126 628 2182 ad
648 2126 707 2198 eJ'us
725 2125 860 2198 judicium
883 2143 940 2182 non
963 2126 1062 2195 radat,
1094 2125 1239 2183 confidens
1259 2125 1289 2184 in

229 2223 344 2296 alicujus
365 2220 537 2296 patrocinio,
566 2230 595 2279 et
621 2221 691 2280 alios
720 2222 794 2280 circa
814 2239 845 2280 se
874 2224 1027 2295 adgregare
1047 2223 1215 2281 volucritat
1234 2223 1290 2298 ipsi

228 2321 356 2377 similiter
386 2304 505 2376 iaciant:
539 2327 682 2394 conponat
710 2320 782 2377 sicut
807 2323 930 2379 anterior
950 2322 1065 2380 Edictus
1094 2322 1130 2378 de
1149 2321 1290 2380 seditione

229 2425 326 2475 contra
343 2418 466 2491 judicem
487 2435 567 2476 suum
588 2419 676 2475 lerata
698 2418 842 2475 continere
863 2419 979 2477 videtur.
1012 2419 1041 2475 Si
1063 2436 1130 2476 vero
1151 2419 1186 2476 de
1207 2436 1290 2477 causa

229 2515 301 2587 regis
323 2515 429 2588 aliquid
450 2517 543 2573 dicere
563 2516 698 2584 voluerit,
727 2515 763 2572 sit
782 2513 808 2572 ei
829 2514 972 2592 licentiam
991 2512 1124 2573 veniendi
1150 2517 1185 2574 ad
1212 2519 1289 2590 pala-

230 2613 316 2679 tium3
339 2620 365 2669 et
385 2613 408 2669 si
430 2629 513 2685 super
533 2629 618 2686 quem
638 2612 741 2669 dixerit
760 2613 905 2670 veritatem
926 2611 1137 2686 adproraverit,
1167 2614 1203 2670 sit
1223 2631 1291 2670 oon·

197 2713 201 2722 “
228 2712 375 2768 demnatus
396 2712 439 2768 cui
461 2711 635 2782 adprovavit,
659 2716 687 2766 et
707 2708 838 2782 suscipiet
858 2711 1025 2768 sententiam
1046 2711 1201 2768 secundum
1222 2699 1293 2785 quass

228 2810 335 2866 litatem
366 2825 467 2879 cause,
498 2808 569 2865 sicut
596 2807 720 2865 anterior
740 2807 855 2865 Edictus
883 2808 1023 2865 contenit:
1053 2814 1082 2866 et
1101 2809 1124 2866 si
1144 2807 1289 2867 veritatem

228 2905 381 2980 adprovare
402 2924 459 2963 non
481 2907 618 2979 potuerit,
642 2907 690 2963 liat
711 2906 737 2963 ei
760 2906 839 2962 datus
858 2905 887 2963 in
908 2922 1007 2964 manus
1028 2923 1092 2965 cum
1112 2908 1196 2964 rebus
1218 2905 1286 2978 sois,

228 3010 256 3062 et
278 3005 359 3061 iaciat
380 3006 414 3062 de
435 3022 469 3062 eo
490 3005 568 3079 quod
593 3003 720 3063 voluerit.
763 3003 903 3060 violentia
930 3004 1044 3077 quidem
1074 3002 1097 3060 si
1127 3003 1291 3062 sustinuerit
1336 2998 1339 3003 ’

228 3103 329 3176 aliquis
351 3109 396 3160 aut
417 3120 433 3160 a
451 3103 574 3176 judicem
596 3119 696 3168 suum,
728 3107 775 3159 aut
802 3103 837 3158 ab
858 3103 944 3158 alium
965 3101 1126 3173 hominem,
1150 3105 1178 3158 et
1200 3099 1289 3176 judex

228 3185 383 3272 neglexerit
399 3201 545 3274 judicare,
581 3200 696 3256 forsitan
723 3199 881 3257 adtenderit
910 3199 945 3256 ad
967 3197 1094 3271 gasindio
1116 3215 1166 3256 suo
1188 3202 1231 3256 rel
1252 3201 1287 3257 ad

227 3306 373 3372 parentem
394 3306 440 3356 ant
461 3298 495 3354 ad
517 3297 636 3354 amicum
657 3315 738 3355 suum
759 3297 801 3354 vel
822 3299 857 3354 ad
879 3297 1035 3370 premium,
1068 3304 1096 3354 ct
1115 3299 1207 3369 legem
1229 3315 1286 3354 non

224 3398 403 3469 judicaverit:
428 3405 493 3453 tunc
514 3397 606 3452 veniat
626 3397 661 3453 ad
683 3396 796 3469 palatio,
820 3401 848 3452 et
868 3395 994 3452 reclamit
1015 3413 1062 3452 sua
1084 3394 1237 3462 violentia3
1260 3405 1288 3454 et

228 3496 250 3551 si
273 3497 421 3568 probatum
442 3498 540 3568 luerit,
569 3517 626 3554 non
648 3505 815 3572 conputetur
835 3497 864 3554 in
886 3498 1085 3554 adunationem
1106 3499 1131 3554 ei
1154 3499 1200 3572 qui
1223 3515 1311 3578 pro-¹

228 3595 373 3665 clamavit,
406 3597 454 3652 sed
476 3597 534 3668 ipse
553 3598 639 3669 judex
660 3602 802 3669 conponat
822 3596 961 3667 widrigild
982 3613 1080 3663 suum,
1110 3597 1288 3653 medietatem

227 3694 286 3764 regi
308 3700 336 3749 et
355 3694 533 3751 medietatem
555 3695 579 3750 ei
602 3697 645 3750 cui
663 3695 799 3767 justitiam
821 3695 978 3766 denegavit,
1001 3702 1029 3752 et
1046 3695 1185 3751 honorem
1206 3711 1286 3752 suum

228 3792 342 3850 amittat:
365 3792 535 3848 Arimannus
551 3794 665 3865 quidem
680 3794 727 3850 ille
748 3795 772 3850 si
789 3794 932 3850 mentierit
946 3800 974 3849 et
991 3794 1087 3850 dolose
1105 3793 1158 3848 hoc
1174 3792 1284 3864 dixerit,

228 3898 256 3946 et
282 3889 306 3946 si
327 3897 408 3947 antea
429 3892 536 3947 venerit
562 3892 596 3948 ad
619 3893 767 3964 palatium,
802 3909 886 3966 quem
907 3893 942 3948 ad
960 3892 1083 3964 judicem
1104 3907 1185 3948 suum
1207 3892 1288 3948 vadat

228 3988 263 4044 ad
287 3987 442 4060 judicium:
481 3990 505 4046 si
533 3991 660 4047 habuerit
689 3992 763 4048 unde
795 4007 975 4064 conponere,
1008 3996 1149 4062 conponat
1181 3990 1287 4046 solidos

228 4087 447 4160 quinquaginta,
482 4089 659 4146 medietatem
680 4091 740 4162 regi
768 4096 795 4145 et
816 4089 993 4146 medietatem
1011 4087 1099 4160 judici
1120 4104 1186 4153 suo;
1216 4095 1244 4143 et
1264 4087 1287 4144 si

227 4185 288 4241 talis
314 4185 400 4242 homo
427 4186 526 4259 luerit,
558 4189 607 4260 qui
637 4205 694 4244 non
719 4189 819 4245 habeat
844 4188 918 4244 unde
942 4202 1122 4259 conponere,
1156 4186 1288 4259 suscipiat

227 4284 415 4356 disciplinam,
438 4293 469 4342 ut
494 4294 522 4344 et
544 4288 605 4361 ipse
636 4288 798 4345 emendatus
824 4288 881 4358 fiet,
909 4292 937 4342 et
965 4285 1012 4343 alii
1038 4286 1092 4343 hoc
1113 4285 1205 4344 iacere
1228 4303 1286 4344 non

227 4390 375 4456 presumat
