3048 5130
565 459 703 504 nurerum
723 459 789 505 ω.
814 453 918 500 tr-st.
1251 439 1272 498 9

207 609 294 683 judex
320 609 369 682 qui
395 609 424 666 in
453 610 516 666 loen
538 607 681 666 ordinatus
701 615 743 666 est
772 625 787 666 e
808 624 875 679 rege
895 607 1039 666 veritatem
1066 612 1113 664 ent
1135 605 1270 678 justiliam

212 723 269 762 non
292 706 449 777 serraverii,
474 713 618 779 conponat
638 707 712 776 regi,
738 723 822 780 quem
843 713 869 762 el
890 706 968 778 eujus
988 723 1069 763 reuse
1091 713 1143 770 est,
1166 704 1270 762 solidos
1349 718 1353 728 ’

210 806 331 876 vegenti,
355 821 437 862 censa
456 811 628 863 manentem.

290 905 353 962 80·
387 901 437 975 (De
456 905 609 966 weewmirr,
632 905 663 960 id
692 910 728 959 est
749 900 934 974 nrlitnrt'nm.)
978 901 1008 958 Si
1034 901 1097 974 quis
1117 901 1217 958 mulier
1237 900 1270 958 li·

210 1002 278 1058 bere
298 1009 345 1058 nul
366 1002 475 1073 puellae
497 1001 525 1056 in
548 1000 620 1058 rinm
642 1018 671 1058 se
693 999 900 1072 anteposuerit,
930 1000 1120 1072 autaliquem
1141 998 1269 1072 iujuriam

209 1099 343 1168 intulerit,
363 1099 552 1169 noningentos
573 1098 679 1155 solidos
700 1104 851 1171 conponat,
874 1097 1052 1156 medietatem
1070 1097 1140 1169 regi,
1165 1104 1192 1154 et
1212 1113 1271 1154 me·

209 1197 341 1254 dietatem
366 1198 409 1254 eui
437 1197 497 1270 ipse
527 1196 628 1270 injurie
656 1196 741 1253 inlata
772 1195 870 1265 luerit,
904 1203 950 1252 eut
977 1197 1013 1253 sd
1034 1213 1118 1270 quem
1140 1195 1271 1254 mundius

208 1295 244 1352 de
266 1311 327 1352 enm
349 1295 529 1368 pertenuerit.

289 1393 346 1450 sd.
389 1393 417 1449 Si
440 1392 502 1466 quis
522 1392 629 1448 homini
651 1391 739 1448 libero
757 1391 827 1448 vinm
846 1391 1029 1462 antesteterit,
1053 1391 1150 1462 viginti
1165 1391 1269 1448 solidos

208 1490 233 1547 ei
256 1499 413 1564 conportet,
446 1491 485 1548 sie
513 1498 605 1548 tamen
637 1499 668 1547 nt
686 1489 808 1562 aliquem
830 1488 965 1546 lesionem
992 1488 1021 1546 in
1050 1505 1163 1546 carnem
1184 1488 1271 1561 ipsius
1333 1529 1336 1534 -

208 1605 267 1645 nnn
288 1589 388 1654 lacint;
416 1605 480 1646 nem
501 1589 522 1645 si
546 1589 657 1657 lecerit,
690 1597 716 1644 et
738 1587 841 1659 vigenti
862 1589 967 1644 solidos
993 1603 1044 1659 pro
1068 1603 1102 1644 eo
1124 1587 1199 1659 quod
1221 1603 1269 1643 nn-

207 1687 309 1744 tesletit
329 1694 488 1761 conponat,
526 1695 553 1743 et
574 1687 667 1744 lerites
688 1692 736 1744 nut
755 1688 850 1759 plagas
871 1685 893 1742 si
916 1685 1012 1742 lecerit
1031 1685 1102 1742 sicut
1122 1685 1218 1740 subter
1238 1683 1268 1740 in

209 1784 263 1842 boc
283 1784 384 1842 Edietu
406 1785 546 1841 adnexum
568 1793 609 1841 est
629 1792 781 1858 conponat.

289 1882 350 1939 88.
393 1881 422 1938 Si
444 1881 507 1954 quis
528 1898 636 1938 servum
658 1881 781 1940 alienum
803 1889 849 1938 eut
870 1881 1000 1938 ancillam
1027 1895 1076 1936 sen
1097 1877 1203 1937 aldium
1223 1883 1271 1935 eut

208 1979 338 2037 libertum
360 1979 430 2036 viem
448 1980 629 2048 antesteterit‚
652 1979 755 2050 vigenti
774 1978 1034 2036 solidosdnminum
1049 1977 1269 2050 ejuseonpouat

288 2078 352 2134 20.
395 2075 425 2132 si
453 2076 516 2149 quis
535 2093 654 2134 messem
682 2093 761 2133 suern
782 2085 829 2134 nut
849 2083 958 2149 pratum
984 2092 1032 2132 seu
1053 2074 1175 2148 qualevit
1195 2074 1270 2130 elnu·

207 2191 270 2230 sure
291 2174 458 2231 vindicanda
479 2174 586 2230 homini
608 2173 799 2248 prohibuerit,
831 2175 861 2232 id
892 2182 933 2232 est
953 2173 1124 2230 antesteterit
1153 2179 1184 2229 ut
1211 2187 1267 2228 non

206 2271 388 2342 ingredietur,
413 2288 469 2328 non
490 2272 525 2328 sil
540 2273 689 2346 enlpnrelis
710 2273 780 2330 sient
801 2273 848 2329 ille
870 2273 917 2344 qui
933 2271 1077 2329 hominem
1098 2269 1270 2343 sempliciter

207 2369 280 2428 viem
301 2370 488 2426 annotantem
504 2371 686 2437 emendetit,
709 2388 743 2427 eo
766 2371 841 2443 qnod
864 2370 988 2426 laborem
1010 2387 1090 2427 sunm
1111 2368 1268 2426 vindicarit.

289 2469 354 2526 ὅθ.
388 2466 438 2539 (De
457 2468 672 2541 marnltwerfle.)
716 2469 745 2524 Si
772 2469 834 2542 quis
860 2468 1002 2524 hominem
1025 2467 1144 2524 liberum
1169 2467 1204 2524 de
1225 2483 1270 2524 en-

207 2567 278 2624 rnllo
294 2564 322 2622 in
339 2572 411 2622 terre
427 2565 572 2639 jactaverit
592 2582 642 2639 per
655 2567 799 2640 qnodlevil
812 2566 958 2638 ingenium
979 2565 1077 2639 iniquo
1094 2564 1199 2634 animo,
1223 2581 1269 2621 oe-

207 2669 336 2735 tnegente
357 2663 463 2721 solidus
488 2663 513 2720 ei
536 2672 697 2737 conponet;
720 2673 747 2722 et
768 2664 792 2722 si
813 2665 935 2738 aliquem
956 2664 1091 2720 lesionem
1112 2662 1137 2718 ei
1160 2661 1267 2732 lecerit,

205 2765 278 2818 sient
298 2761 327 2817 in
349 2760 403 2817 hoe
422 2761 552 2819 Edictum
573 2762 713 2818 adnexum
735 2770 777 2818 est
797 2763 822 2819 ei
844 2769 994 2834 conponat

286 2861 344 2916 ⁸1.
368 2857 419 2931 (De
438 2859 628 2933 wnlepnntzo.)
673 2860 702 2916 Si
731 2860 793 2933 quis
820 2859 928 2917 homini
949 2861 1038 2917 libero
1067 2856 1198 2915 violentie
1226 2856 1269 2914 in·

202 2957 275 3030 juste
297 2956 413 3025 lecerit,
442 2957 471 3013 id
492 2965 534 3014 est
554 2959 745 3030 wnlepeutm,
768 2966 918 3030 octngentn
938 2959 1044 3016 solidos
1065 2957 1090 3014 ei
1112 2960 1265 3028 conponat.

204 3054 368 3127 thepentz
389 3061 440 3123 est,
463 3055 513 3128 qni
533 3072 562 3111 se
584 3055 678 3113 lnrlim
696 3057 890 3115 vestimentum
912 3058 996 3114 elium
1014 3054 1146 3117 induerit.
1168 3059 1216 3110 eut
1237 3069 1267 3108 se

206 3158 289 3226 ceput
308 3151 494 3210 latrocinandi
516 3154 610 3210 animo
632 3162 679 3211 rut
700 3154 799 3212 leciem
821 3155 1065 3226 transfiguraverit.

172 3293 173 3298 κ
285 3251 347 3307 88.
371 3251 421 3321 (De
441 3250 533 3323 curte.)
576 3253 617 3307 lle
646 3252 760 3310 homine
779 3253 891 3322 libere,
924 3253 947 3310 si
976 3261 1057 3309 noete
1079 3252 1108 3307 in
1130 3254 1206 3306 curte
1227 3249 1267 3306 el-

205 3346 291 3404 terins
311 3346 440 3405 intentus
461 3349 547 3405 luerit·
565 3358 593 3405 et
614 3367 671 3406 non
692 3351 763 3408 dens
784 3367 883 3408 mnnus
903 3350 1032 3422 legendi,
1064 3356 1092 3406 et
1118 3346 1265 3417 occiditur,

205 3463 222 3502 a
242 3445 403 3519 perentibus
423 3463 479 3502 non
501 3446 668 3520 requiretur.
711 3449 747 3505 Et
767 3449 791 3504 si
812 3464 910 3506 manus
927 3449 1036 3505 dederit
1052 3448 1087 3504 ed
1103 3445 1264 3518 legendum,

205 3550 234 3602 et
253 3546 360 3616 legetur
379 3543 482 3615 luerit,
516 3545 557 3601 dil
578 3563 628 3619 pro
657 3564 687 3604 se
716 3553 864 3618 octngenta
885 3547 1008 3604 solidos:
1032 3545 1176 3620 quianon
1199 3560 1267 3600 con·

204 3642 281 3699 venit
300 3641 412 3714 rationi,
434 3650 463 3700 nt
484 3644 568 3702 homo
587 3644 676 3702 noetis
694 3651 820 3718 tempore
841 3645 871 3702 in
892 3653 998 3702 curtem
1017 3645 1137 3702 elienem
1153 3643 1265 3702 silentio

204 3745 252 3796 ant
281 3741 416 3798 absconse
446 3741 621 3813 ingredilnr3
654 3743 703 3798 sed
730 3743 752 3801 si
781 3759 956 3816 quecumque
990 3744 1137 3801 utilitatem
1168 3742 1261 3808 hehel,

205 3837 365 3910 priusquam
386 3839 470 3896 intret
489 3841 597 3899 elamet

286 3936 345 3994 ὅθ.
389 3936 418 3993 Si
440 3953 533 3995 servus
560 3939 589 3995 in
611 3946 718 3996 curtem
746 3939 836 3998 aliena
865 3939 954 3997 noetis
982 3945 1107 4013 tempore
1137 3938 1264 3996 inventus

204 4032 305 4103 luerit,
339 4041 368 4091 et
388 4051 445 4092 non
464 4038 533 4094 dens
553 4054 652 4095 manns
674 4039 885 4112 adligandum,
908 4037 931 4094 si
952 4038 1105 4105 occiditur,
1138 4052 1194 4092 non
1221 4053 1264 4094 re-

206 4132 331 4206 qnirnlnr
350 4150 366 4189 a
388 4134 523 4200 domino:
547 4144 575 4192 et
594 4137 617 4192 si
638 4153 737 4195 manus
758 4136 866 4193 dederit
886 4142 915 4193 et
934 4137 1040 4208 legatus
1060 4134 1153 4202 luerit,
1176 4134 1263 4194 libere

205 4245 234 4287 se
255 4247 319 4287 cum
339 4232 528 4303 quadragenta
549 4234 662 4293 solidos.

283 4331 345 4388 ⁸4.
388 4328 418 4386 Si
440 4331 503 4404 quis
524 4330 553 4388 in
576 4340 680 4390 curtem
702 4329 815 4390 alterius
836 4331 906 4389 irnlo
921 4332 1015 4390 enimn
1032 4331 1200 4403 sagittarent
1216 4339 1265 4391 ant

207 4427 472 4503 lasciuientem,
500 4437 548 4488 ant
567 4431 602 4488 de
623 4431 691 4491 loris
710 4448 807 4505 sepem
832 4432 917 4491 elium
938 4429 1090 4506 plagaverit
1109 4430 1182 4489 intre
1203 4448 1265 4491 cur·
