3022 5144
354 690 481 753 ouensis
504 689 554 752 vel
577 689 617 751 ob
641 688 802 774 archetypi
825 689 979 763 lacunam,
1005 691 1094 754 deest
1116 709 1229 772 capu

355 805 398 863 Dc
427 804 632 863 murmurastis.
681 803 855 865 Secundam
884 801 1031 865 familiam
1061 802 1124 865 bini
1153 802 1228 866 item

353 915 477 978 cedices
501 915 707 989 constituunt,
733 915 792 977 Par
810 914 896 978 tutu
921 923 952 979 et
966 914 1095 998 Guelplr.
1115 917 1146 996 2,
1174 915 1228 998 qui

354 1037 495 1090 extremo
526 1026 652 1109 quidem
686 1027 866 1110 Liutprandi
905 1028 1015 1092 Edicto
1044 1028 1226 1102 adnectunt,
1262 1072 1268 1078 -

355 1141 409 1202 sed
438 1139 562 1202 omissis
592 1139 740 1222 capitulis
770 1159 813 1203 vn
838 1149 869 1204 et
893 1159 965 1208 vrrs,
1001 1159 1057 1203 seu
1079 1141 1229 1220 Dosaron

354 1263 381 1312 ct
403 1256 437 1314 dc
456 1264 552 1332 putee.
600 1254 654 1315 Ad
678 1253 801 1316 tertiam
834 1253 971 1335 denique
994 1252 1142 1316 familiam
1165 1251 1229 1316 bini

354 1365 467 1448 reliqui
497 1366 622 1429 codices
654 1367 829 1449 pertinent,
864 1368 957 1449 Epor.
984 1376 1015 1431 et
1038 1355 1179 1450 Gnelplr..
1196 1365 1228 1441 1,

355 1477 408 1560 qui
438 1478 691 1544 Memoratorium
723 1479 875 1562 integrum
904 1480 1033 1561 quidem
1064 1479 1226 1547 exhibent,

355 1590 408 1652 sed
433 1589 513 1654 inter
534 1590 680 1654 Edictum
703 1589 902 1682 Grimowaldi
927 1598 958 1654 et
980 1589 1122 1654 Edictum
1145 1591 1232 1654 Liut-

357 1702 483 1783 prandi,
518 1711 549 1765 et
584 1703 826 1766 Grimowaldum
856 1683 922 1786 ejus
952 1710 1110 1765 auctorem
1138 1723 1232 1784 prae·

358 1814 468 1882 ierunt.
502 1851 538 1867 ν-
574 1815 675 1879 Etiam
704 1815 846 1879 lectionis
872 1815 1023 1878 varietate
1053 1822 1085 1878 et
1112 1815 1232 1879 lacunis

359 1927 483 1991 codices
506 1929 662 1992 secundae
685 1927 821 1992 familiae
838 1947 855 1991 a
871 1927 1030 1990 codicibus
1053 1928 1164 1991 tertiae
1187 1926 1232 1990 ia-

359 2041 463 2104 miliae
477 2039 720 2124 distinguuntur:
745 2049 875 2123 utraque
899 2041 981 2104 enim
1006 2040 1155 2104 lectiones
1177 2037 1232 2101 ha·

357 2154 411 2217 bet
433 2154 477 2217 ita
499 2154 557 2216 sibi
581 2153 740 2236 proprias,
773 2160 807 2216 ut
834 2153 1075 2236 uniuscujusque
1099 2150 1233 2215 familiae

359 2265 484 2329 codices
508 2267 546 2328 ab
570 2287 632 2328 uno
649 2245 823 2348 exemplari
840 2266 889 2329 vel
907 2266 1053 2349 descripti
1076 2266 1126 2328 vel
1150 2273 1233 2328 certe

357 2377 489 2442 derivati
510 2378 633 2440 dlcendi
650 2378 727 2451 siut;
752 2379 796 2441 ita
818 2387 921 2442 tamcu
944 2386 977 2442 ut
992 2378 1125 2460 Guelph.
1149 2385 1234 2440 utro-

359 2509 420 2572 que
443 2490 512 2554 loco
536 2491 567 2552 in
592 2490 815 2573 ortographiois
838 2511 856 2554 a
881 2491 1011 2573 pristina
1034 2511 1089 2554 seu
1112 2491 1234 2571 Lango-

359 2603 483 2665 bardica
513 2603 663 2684 scriptura
694 2603 791 2686 magis
827 2605 962 2666 recedat.
1016 2603 1132 2666 Contra
1161 2601 1233 2665 Cau.

359 2724 390 2778 et
412 2717 473 2779 lla.
499 2735 539 2777 ex
565 2715 649 2778 vario
672 2714 759 2778 fonte
788 2715 919 2778 derivati
942 2725 1032 2789 sunt,
1066 2735 1125 2777 nec
1155 2714 1236 2777 inter

279 2825 283 2833 ¹
359 2847 393 2889 se
418 2847 476 2890 nec
500 2828 613 2890 ceteris
637 2827 766 2903 similes,
791 2828 834 2892 ita
857 2835 961 2892 tamma
980 2837 1018 2891 ut
1041 2827 1155 2890 codicis
1173 2828 1234 2889 lla.

359 2941 511 3021 scriptura
535 2940 702 3023 aliquando
725 2941 854 3004 accedat
877 2941 916 3003 ad
940 2941 1064 3005 codices
1079 2942 1235 3004 secundae

361 3061 390 3114 et
414 3053 525 3117 tertiae
548 3055 700 3128 familiae,
727 3031 839 3116 mullas
863 3063 965 3116 tamen
990 3054 1141 3116 lectiones
1164 3073 1236 3134 pro·

360 3164 443 3247 prias
460 3166 585 3235 habeat,
613 3185 846 3248 nonnumquam
861 3153 1010 3248 optimas3
1035 3166 1118 3229 solus
1142 3166 1235 3228 etiam

361 3297 400 3340 ex
424 3279 569 3342 omuibus
592 3279 622 3340 in
648 3281 782 3360 cap.·Dc
803 3282 890 3359 ferreo
914 3278 1105 3341 verissimam
1129 3277 1237 3342 lectio-

361 3409 432 3453 nem
451 3402 545 3471 pestes
569 3391 787 3474 suppeditavit.
824 3427 860 3436 -
889 3393 952 3453 Nec
975 3391 1006 3452 in
1033 3391 1237 3473 capitulorum

362 3505 453 3565 modo
478 3525 626 3576 numero.
660 3514 693 3568 ut
716 3524 810 3586 supra
832 3504 1023 3574 notavimus,
1050 3505 1160 3567 sedin
1185 3524 1238 3566 eo·
1263 3498 1266 3506 ’

363 3635 431 3676 rum
448 3616 540 3682 etiam
558 3617 710 3680 divisione
727 3617 837 3679 eadem
851 3614 1036 3681 familiarum
1060 3617 1237 3680 discrimina

363 3737 523 3808 apparent.
578 3730 655 3792 Nam
690 3713 763 3792 Car.
795 3735 827 3791 et
855 3730 914 3792 llla.
944 3728 1005 3792 hac
1032 3729 1125 3792 edam
1149 3729 1181 3790 in
1204 3748 1238 3790 re

361 3840 401 3902 ab
411 3839 545 3903 itrriccm
557 3841 761 3904 dissentiunt:
789 3839 861 3907 Cav.
887 3841 970 3904 enim
994 3841 1078 3904 solus
1099 3840 1236 3913 ecodd.‚

363 3953 416 4035 qui
439 3952 499 4017 hoc
518 3954 770 4018 Memoratorium
793 3954 984 4036 Liulpraudo
1007 3952 1156 4027 tribuunt,
1183 3973 1239 4034 pro

269 4043 275 4049 ’
362 4085 448 4130 more
471 4065 552 4129 lidus
582 4076 613 4130 et
636 4066 786 4150 diligens,
825 4075 918 4148 atque
946 4086 986 4128 en
1009 4064 1128 4148 optimo
1158 4065 1239 4128 libro

362 4179 547 4260 descriptus,
574 4178 649 4242 illud
669 4179 803 4244 secernit
817 4180 856 4242 ab
876 4177 1056 4260 ipsolldicti
1077 4186 1237 4252 contestu,

364 4289 414 4352 lais
436 4291 628 4374 praemissis,
656 4293 749 4356 rubro
774 4291 898 4355 colore:
923 4291 1053 4372 Euplicd
1079 4293 1148 4370 tepor
1169 4311 1240 4373 quus
