3022 5144
588 495 728 544 surannae
748 492 896 546 πωμ-
911 492 946 538 st.
1242 479 1285 542 dl

229 648 379 718 sculdahis,
402 655 469 705 tuuc
489 647 589 706 habeat
609 649 668 721 lpse
686 649 772 722 iudex
793 652 959 721 potestatem
980 645 1049 704 loris
1067 649 1212 722 pmvincia
1240 667 1288 708 eos

230 746 420 815 nomadum,
444 752 472 803 et
493 746 630 818 praetium
650 746 705 803 sihi
725 745 880 802 tollendum
902 751 985 817 alque
1006 745 1175 804 babendum.
1218 749 1287 806 Nam

229 843 252 900 si
274 859 324 916 par
343 844 483 900 sculdahis
514 843 620 900 inventi
648 845 778 925 luerent,
810 842 1005 900 mediaetatem
1035 844 1070 899 da
1097 844 1159 916 ipso
1180 845 1287 917 praetio

229 942 309 998 tollat
325 941 411 1014 judex
438 948 465 997 et
489 941 683 998 mediaetatem
711 940 874 1004 sculdahis;
904 947 933 996 et
959 941 981 996 si
1013 941 1138 1011 daganus
1164 948 1212 999 aut
1235 944 1289 1000 sal·

230 1039 314 1095 tarius
342 1019 418 1111 ipsos
448 1039 551 1096 ariolus
578 1046 625 1096 aut
657 1039 759 1096 ariolae
785 1039 827 1094 vel
849 1038 1052 1111 suprascriptus
1073 1039 1221 1096 saerilacus
1242 1040 1287 1096 iu-

229 1136 355 1200 venerit,
387 1142 416 1191 et
444 1136 583 1192 sculdahis
610 1153 660 1193 suo
683 1135 924 1202 manelestaverit,
953 1141 1019 1192 tuuc
1048 1135 1156 1192 tertiam
1181 1144 1287 1209 partem

228 1234 288 1306 ipse
308 1234 434 1291 saltariae
455 1234 640 1304 autdeqanus
660 1234 695 1290 da
717 1235 778 1306 ipso
794 1233 883 1306 pretio
901 1248 1044 1306 perquem
1056 1234 1161 1291 inventi
1178 1235 1289 1292 suerent

228 1330 327 1388 habeat
347 1332 411 1400 sibi,
434 1338 463 1388 et
483 1332 551 1389 duas
572 1333 658 1405 partis
678 1333 758 1388 tollat
779 1331 838 1404 ipsc
858 1331 1006 1390 sculdahis.
1029 1331 1066 1392 Et
1084 1333 1122 1389 ita
1141 1333 1288 1405 'prospexi-

227 1445 305 1498 mus,
335 1437 366 1486 ut
394 1431 530 1503 unusquis
554 1430 640 1502 judex
666 1437 695 1485 et
715 1429 856 1487 sculdahis
884 1429 964 1486 lacial
991 1429 1101 1487 millena
1122 1445 1284 1502 preconem,

228 1527 325 1600 utqui
349 1544 435 1600 usque
457 1528 624 1611 modoipsa
646 1544 698 1583 nec
719 1527 838 1583 dicenda
860 1543 943 1599 opera
965 1535 1098 1597 egerunt,
1128 1527 1187 1584 sibe
1215 1543 1288 1584 mas·

227 1626 304 1681 culus
326 1624 385 1680 sibe
407 1625 521 1690 lamina,
545 1631 576 1680 ut
596 1624 777 1681 amodo-non
799 1623 918 1689 saciant;
952 1631 980 1679 et
1000 1624 1023 1680 si
1045 1625 1148 1681 amodo
1168 1641 1224 1680 uon
1246 1624 1286 1681 lo-

228 1728 342 1787 carent,
376 1738 433 1777 non
465 1723 567 1778 radant
587 1722 715 1778 venales:
746 1737 811 1778 nan
839 1721 862 1777 si
883 1727 947 1794 post
971 1721 1062 1794 ipsum
1083 1737 1235 1794 preconem
1256 1721 1285 1778 in

229 1818 329 1875 talibus
350 1818 430 1876 malis
452 1819 584 1892 operibus
605 1819 712 1876 inventi
733 1819 852 1888 luerent,
877 1834 985 1890 poenae
998 1818 1200 1891 suprascriptae
1221 1819 1286 1876 sub·

222 1916 334 1988 jaceant
365 1917 401 1972 Et
421 1918 458 1974 ita
478 1919 605 1974 volumus
626 1923 709 1990 atqua
731 1916 916 1989 precepimus,
941 1921 971 1970 ut
989 1915 1125 1987 unusquis
1145 1913 1286 1972 sculdahis

225 2022 253 2070 et
272 2015 398 2072 saltarios
429 2023 512 2088 atque
540 2016 664 2086 daganus
682 2015 775 2087 jurare
807 2014 908 2070 debeat
931 2013 1020 2086 judici
1048 2029 1099 2070 suo
1128 2013 1163 2070 ed
1190 2021 1285 2070 sancta

225 2111 277 2168 Dei
299 2113 453 2185 evangelia,
478 2113 555 2186 quod
576 2112 604 2168 in
626 2113 677 2169 ista
692 2129 773 2168 causa
791 2112 898 2168 nullum
915 2111 1196 2183 neclictumponant;
1219 2110 1285 2183 quia

221 2209 326 2281 justum
347 2217 389 2266 eet
409 2217 453 2280 ut,
486 2211 552 2269 dum
573 2211 602 2266 in
625 2217 719 2268 nostra
741 2225 823 2266 causa
846 2209 995 2266 necliotum
1016 2225 1121 2282 ponere
1143 2223 1200 2264 uon
1222 2224 1285 2280 pre-

224 2315 354 2372 sumant,
388 2323 440 2364 nec
469 2308 550 2366 nobis
578 2309 669 2363 celare
690 2309 738 2380 qui
760 2315 856 2364 contra
878 2323 929 2363 nos
950 2312 1035 2379 agent
1055 2313 1103 2362 aut
1123 2306 1282 2376 consiliant,

144 2471 147 2476 ,
224 2411 359 2478 quandum
378 2406 467 2476 magis
489 2422 546 2462 non
563 2405 668 2460 debent
687 2405 834 2461 neclicturn
854 2404 883 2461 in
900 2404 952 2461 Dei
970 2421 1053 2461 causa
1069 2421 1188 2477 ponere,
1212 2421 1284 2478 quae

224 2503 285 2574 plus
307 2509 358 2570 est,
381 2503 416 2560 ad
436 2503 657 2575 inquirendum?

302 2599 382 2676 (ΙΙΙ.)
405 2603 470 2658 Sd.
492 2601 522 2657 Si
542 2601 606 2673 quis
626 2600 761 2657 cavallum
782 2600 905 2656 alienum
930 2599 959 2654 iu
981 2599 1114 2656 damnum
1140 2617 1221 2656 suum
1241 2600 1285 2657 in-

222 2699 349 2767 venerit,
380 2707 408 2754 et
430 2699 507 2770 Juxta
530 2697 670 2755 anteriore
692 2698 820 2754 Edictum
849 2698 884 2754 ad
909 2699 1035 2754 clausura
1062 2697 1229 2769 minaverit,
1257 2705 1285 2756 et

221 2795 298 2852 illam
318 2795 455 2853 ratione!
476 2796 573 2852 lecerit
593 2812 677 2866 quam
699 2795 814 2854 Edictus
837 2795 963 2852 anterior
983 2794 1088 2865 cernit,
1121 2795 1161 2852 sic
1181 2795 1283 2852 exinde

223 2893 527 2966 procedatq'ndicium,
558 2892 629 2949 sicut
660 2893 798 2963 gloriosae
821 2891 974 2950 memoriae
995 2892 1144 2949 Roranam
1171 2908 1220 2948 rex
1240 2892 1283 2948 in·

221 2989 326 3059 stituits
359 3007 423 3046 nam
452 2991 475 3047 si
502 2991 622 3064 amplius
649 2989 755 3063 aliquid
779 2989 814 3063 ,in
836 2990 897 3062 ipso
920 2991 1025 3049 cavallo
1047 2989 1137 3046 laesae
1158 3005 1283 3062 presum-

221 3087 310 3160 pserit
329 3104 414 3160 quarn
435 3089 550 3144 Edictus
571 3087 696 3144 anterior
716 3087 836 3158 legitur,
858 3087 881 3148 si
903 3087 962 3159 ipse
983 3088 1107 3144 cavallus
1126 3087 1195 3143 nibil
1216 3087 1282 3143 mali

220 3201 320 3257 passus
341 3185 440 3255 luerit,
471 3194 613 3258 conponat
640 3201 690 3258 pro
712 3186 771 3258 ipsa
799 3184 912 3242 inlecita
945 3184 1178 3258 presumptione,
1204 3185 1282 3257 juxta
1364 3168 1366 3174 ¹

221 3283 311 3355 qualis
331 3282 391 3355 ipse
412 3285 533 3340 cavallus
554 3284 653 3352 luerit,
683 3285 859 3340 medietatem
881 3283 979 3356 praetii
1002 3288 1136 3355 quamam
1157 3283 1216 3356 ipsc
1238 3300 1283 3340 ca·

222 3381 307 3436 vallus
329 3381 498 3453 appretiatus
519 3381 611 3448 luerit,
636 3397 686 3452 pro
707 3381 767 3454 ipsa
788 3380 901 3437 inlacita
917 3379 1118 3453 presumtione,
1142 3386 1170 3436 et
1190 3379 1281 3454 ipsum

219 3478 354 3535 cavallum
385 3495 483 3536 sanum
510 3479 635 3536 restituat
662 3478 808 3535 dominum
828 3478 895 3550 elus.
952 3478 1022 3536 Nam
1040 3479 1063 3535 si
1083 3478 1143 3550 ipsa
1164 3479 1282 3555 cavallus

219 3581 344 3632 monuus
365 3583 412 3632 aut
432 3577 505 3634 lesus
526 3575 619 3644 luerit,
644 3576 683 3634 sio
707 3582 892 3647 conponatur,
915 3575 986 3632 sicut
1007 3577 1035 3632 in
1054 3576 1194 3634 anteriore
1212 3575 1280 3632 Edi-

219 3680 293 3730 ctum
308 3673 419 3744 legitur,
446 3681 474 3731 et
491 3673 605 3747 insuper
624 3690 675 3747 pro
696 3673 755 3746 ipsa
776 3672 889 3731 inlecita
906 3677 1115 3747 presumptione
1139 3691 1281 3748 conponat

219 3777 362 3843 utsupra.

298 3867 392 3942 (ΠΗ.)
434 3871 492 3926 ea.
533 3868 563 3926 Si
586 3869 647 3942 quis
669 3889 735 3952 cum
753 3888 831 3929 servo
853 3877 903 3928 aut
930 3870 1043 3928 aldione
1072 3871 1113 3926 vel
1134 3887 1197 3928 aum
1217 3888 1281 3946 par·

218 3971 361 4024 tenentem
389 3965 482 4024 alieno
510 3967 545 4022 de
576 3969 786 4044 qualiscumque
813 3985 872 4026 rem
903 3967 1066 4026 convenerit
1092 3967 1152 4034 sios
1174 3970 1280 4032 noditia

218 4063 424 4136 dominiejus,
448 4081 520 4138 quae
541 4065 570 4122 in
592 4067 732 4124 anteriore
752 4067 853 4126 Edicto
875 4083 934 4124 non
956 4071 1137 4138 contenatur,
1168 4075 1196 4124 et
1215 4083 1279 4142 pao·

218 4168 309 4218 ratum
330 4161 414 4218 suerit
433 4163 509 4236 quod
529 4179 572 4220 res
591 4164 699 4221 domini
720 4165 761 4222 sui
777 4163 971 4236 naufragassit,
995 4169 1061 4221 tunc
1077 4165 1176 4222 reddat
1189 4166 1278 4238 ipsam

216 4276 276 4317 rem
297 4259 346 4332 qui
367 4275 428 4316 eam
455 4259 576 4332 suscepit
596 4262 717 4334 absquae
746 4262 852 4335 praetio
875 4261 992 4318 domino
1013 4261 1089 4334 ejus,
1119 4263 1157 4319 ila
1186 4268 1215 4320 ut
1235 4280 1278 4321 sa-

217 4357 334 4417 tisfaciat
350 4373 401 4430 por
415 4367 619 4429 sagramentum
636 4361 712 4433 quod
727 4361 847 4434 amplius
859 4359 960 4418 exinde
977 4376 1034 4416 uon
1049 4361 1156 4419 tolissit.
1178 4361 1278 4421 Postea

217 4456 348 4516 dominus
360 4454 421 4530 ejus
437 4455 519 4514 lacial
534 4456 570 4514 de
586 4473 665 4516 scaro
685 4465 732 4516 aut
748 4460 784 4517 de
800 4458 912 4518 aldione
921 4474 971 4516 suo
985 4459 1061 4531 quod
1074 4458 1115 4516 illi
1131 4459 1275 4532 placuerit.
