3022 5144
1189 544 1228 606 al

223 717 256 780 ln
281 717 388 800 primis
411 718 599 790 monendum
629 727 677 782 est
705 717 884 783 ituantem
908 719 1067 784 columnas
1090 719 1157 782 lieri
1181 729 1227 784 te-

223 829 398 903 nuissimas,
425 851 603 914 parvaeque
627 831 812 894 altitudinis:
846 833 950 895 omnia
982 832 1150 914 porticibus
1180 855 1232 897 co-

94 975 98 982 ·
225 941 370 1006 lumentis
394 943 583 1006 circumdata
607 952 679 1006 sunt
708 944 856 1007 cavaedia
878 945 917 1007 io
941 945 1102 1008 coenobiis
1126 967 1232 1010 mona·

224 1057 351 1119 clrorum
376 1057 406 1122 S.
433 1055 590 1136 Benedicti
614 1055 746 1136 abipso
770 1056 814 1118 lX
838 1065 870 1121 et
894 1056 963 1120 Vlll
987 1058 1123 1126 saeculo.
1152 1080 1230 1141 quo·

225 1189 293 1232 rum
316 1168 412 1230 multa
436 1167 565 1230 visenda
588 1166 690 1230 adhuc
714 1175 821 1231 extant
844 1170 1140 1241 Romae,Parrormi.
1157 1176 1232 1234 Are·

225 1281 301 1355 late,
317 1280 489 1361 Sublaquei
501 1280 651 1364 alibique,
669 1280 723 1342 ubi
733 1281 917 1345 columellae
927 1291 999 1345 suot
1014 1303 1095 1364 quae
1108 1283 1232 1365 saepius

225 1393 315 1456 metri
337 1392 439 1475 gallici
463 1393 656 1456 altitudinem
672 1413 734 1456 non
750 1394 914 1476 attingunt.
942 1395 1004 1458 imo
1027 1395 1092 1459 lere
1110 1417 1233 1478 semper

224 1505 435 1590 depressiores
458 1515 540 1579 sunt,
572 1505 724 1569 diametro
747 1507 828 1568 inter
851 1516 972 1569 sexum
997 1516 1028 1570 et
1051 1529 1164 1572 nonam
1188 1510 1233 1572 al-

224 1618 363 1683 titudinis
387 1626 522 1700 partcm;
549 1639 619 1682 raro
643 1639 719 1683 vero
733 1619 847 1681 dictam
862 1639 1039 1684 mensuram
1063 1623 1230 1705 excedunt,

226 1731 270 1796 uli
293 1733 426 1797 Arelate
473 1732 520 1794 Ex
544 1731 657 1814 quibus
681 1732 851 1806 mensuris,
886 1753 999 1795 novum
1031 1735 1119 1795 adest
1143 1755 1233 1817 argu-

226 1853 362 1910 mentum
387 1845 425 1908 ad
449 1843 645 1925 probandum
674 1864 803 1907 romano
826 1846 907 1926 pede
937 1865 1008 1908 usos
1041 1855 1115 1908 tunc
1138 1846 1233 1910 fnisse

226 1959 439 2041 quadratarios
462 1965 494 2020 et
517 1957 689 2038 lapicidas,
722 1935 794 2040 quia
826 1960 988 2020 columnae
1012 1967 1234 2041 quaternorum

225 2071 275 2135 vel
308 2071 472 2153 quinorum
503 2071 618 2152 pedum
647 2071 837 2152 respondent
871 2078 957 2136 metr.
990 2070 1109 2154 gallicis
1134 2071 1234 2141 1,170

226 2184 274 2247 vel
299 2183 419 2256 1,t75,
451 2202 533 2265 quae
556 2181 686 2246 altitudo
716 2182 797 2244 inter
827 2183 996 2257 maximas,
1032 2203 1089 2265 pro
1124 2185 1234 2246 aetatis

225 2296 460 2375 consuetudine,
479 2304 557 2369 erat,
574 2303 606 2358 et
628 2295 667 2358 ab
691 2295 853 2358 omni-alia
869 2315 1013 2360 mensura
1034 2295 1065 2358 in
1084 2295 1234 2358 maiorem

226 2410 319 2474 etiam
343 2407 568 2490 longitudinem
592 2409 786 2472 duceremur.
834 2407 947 2470 Habita
977 2408 1068 2489 pretii
1098 2409 1231 2480 ratione,

227 2541 283 2605 pro
307 2538 392 2584 more
415 2519 558 2603 praefero
582 2519 724 2582 codicum
747 2518 936 2594 lectionem,
970 2539 1126 2584 annonam
1161 2521 1235 2584 arti-

226 2634 275 2698 lici
300 2633 503 2716 reputandam
527 2653 590 2696 uon
615 2653 692 2696 esse.

570 2823 642 2891 Vll.
676 2822 724 2892 Dc
749 2826 890 2916 [arcum.

314 2973 433 3035 CLXII.
464 2971 497 3033 Si
527 2991 592 3034 cero
622 2973 741 3052 furnum
770 2975 803 3032 ia
821 2975 929 3051 pensile
952 2993 1016 3034 cum
1039 2978 1171 3036 ccccobos
1193 2978 1236 3053 sc-

227 3089 306 3160 ccrit,
339 3095 388 3150 etc.
435 3084 494 3146 Alii
524 3084 648 3147 codices
673 3087 784 3165 prorae
812 3083 948 3158 habent,
980 3084 1031 3147 alii
1051 3087 1152 3165 pisile,
1184 3087 1236 3148 alii

225 3200 387 3279 impertite:
424 3207 470 3260 est
501 3205 604 3260 autem
630 3199 715 3278 pisile
744 3217 815 3260 area
850 3197 993 3260 vestiaria
1019 3197 1179 3281 (Ducange
1203 3199 1235 3260 iu

223 3309 356 3394 pirolis),
391 3329 473 3394 quae
507 3329 567 3375 vox
599 3309 660 3372 cito
690 3318 721 3373 et
752 3331 792 3373 ex
821 3311 888 3392 ipsa
913 3309 958 3374 rei
982 3316 1091 3372 natura
1116 3308 1234 3390 signifi-

228 3425 308 3487 carit
336 3423 447 3486 cellam
476 3423 576 3505 ipsam
606 3423 658 3486 ubi
691 3442 762 3485 arca
794 3423 867 3503 sita,
904 3419 986 3505 quae
1009 3422 1091 3503 apud
1116 3413 1236 3503 Lango-

227 3515 341 3618 bardos
364 3555 422 3598 nec
445 3536 548 3617 ampla
572 3556 630 3598 nec
653 3544 833 3616 sumptuosa
858 3555 927 3598 esse
950 3541 1082 3616 poterat.
1117 3535 1237 3596 Furnos

229 3647 358 3710 veroin
381 3646 460 3736 cella
490 3648 634 3710 vestiaria
664 3647 864 3710 collocandus
888 3647 966 3710 erit?
1001 3667 1081 3710 anne
1116 3647 1237 3729 praeie-

125 3757 135 3766 “
228 3760 323 3824 renda
348 3759 439 3823 lectio
458 3761 568 3839 pcascle
592 3759 641 3822 vel
663 3761 817 3840 impensilc,
844 3779 926 3841 quae
941 3758 1064 3823 furnum
1083 3758 1235 3841 pensilem

228 3871 409 3955 praebebit,
439 3871 500 3934 hoc
523 3881 611 3934 esta
639 3873 706 3935 solo
736 3873 872 3936 clatum?
918 3872 1004 3936 Haec
1036 3870 1109 3934 mihi
1141 3873 1237 3952 magis

229 3987 381 4062 arrident,
413 3992 551 4067 putoque
582 3985 706 4049 loreum
734 3961 919 4067 impositum⁸
943 3985 1036 4048 finisse
1065 3993 1236 4047 structurae

229 4097 444 4164 coementitiae
475 4098 571 4163 ternis
600 4107 652 4162 aut
682 4099 841 4182 quaternis
870 4098 1010 4181 postibus
1035 4097 1165 4180 lapideis
1187 4115 1237 4158 ro-

230 4211 369 4287 boratae,
394 4213 437 4278 ita
461 4223 494 4278 ut
517 4211 599 4276 lurni
622 4231 695 4276 area
718 4219 812 4275 strata
835 4231 852 4274 a
877 4211 975 4276 cellae
999 4210 1177 4292 pavimento
1201 4229 1237 4272 ιιι

232 4327 280 4389 vel
304 4345 336 4388 ιν
357 4325 490 4408 pedibus
513 4325 770 4408 superemineret.
