3048 5130
233 523 274 586 'll
593 544 780 588 ururuusnur
803 544 894 588 uuors

312 689 418 762 (Xllll.
439 691 481 748 Da
501 693 670 766 donatione.)
707 695 769 750 48.
792 692 822 750 si
844 693 905 766 quis
926 694 972 752 alii
993 694 1102 752 homiui
1123 694 1291 770 qualiscum-

232 805 286 863 que
307 806 366 846 rena
388 789 552 856 donaverit,
575 798 603 846 et
623 791 766 862 launegild
788 792 948 864 susciperit,
972 799 999 848 et
1020 800 1116 864 postea
1137 793 1289 849 defendere

232 887 346 944 minime
370 888 507 960 potuerit:
541 895 606 944 tunc
627 889 709 946 aliam
731 891 813 946 talem
834 907 893 946 rem
915 890 1026 962 qualem
1047 889 1175 959 donauit,
1200 891 1289 963 qualis

232 986 261 1042 in
281 979 328 1042 ill'a
350 986 396 1041 die
416 985 557 1044 iuvenitur
578 1003 657 1056 esse,
687 985 786 1044 reddat
805 988 848 1044 cui
871 986 1002 1057 donavit,
1036 995 1066 1044 et
1093 988 1211 1060 amplius
1232 1004 1288 1044 nou

231 1084 425 1140 calomuielur.
467 1085 503 1140 llt
532 1084 553 1140 sl
588 1085 622 1140 de
644 1085 777 1141 conludio
803 1086 925 1157 pulsatus
953 1084 1052 1153 luerit,
1081 1085 1229 1142 satisfaciat
1255 1087 1289 1142 ad

169 1257 172 1264 Ι
232 1181 374 1252 evangelia
396 1183 472 1254 quod
493 1184 600 1239 nullum
621 1183 784 1238 conludium
806 1199 869 1240 cum
898 1182 984 1239 alium
1006 1183 1149 1239 hominem
1174 1181 1208 1238 de
1230 1183 1290 1256 ipsa

231 1295 312 1336 causa
332 1280 433 1336 lactum
455 1281 573 1350 habeat,
605 1288 633 1336 et
659 1280 695 1336 sit
716 1282 821 1337 solutus
843 1281 878 1338 de
901 1281 998 1353 culpa:
1021 1279 1061 1337 sic
1081 1287 1174 1337 tamen
1196 1288 1226 1337 ut
1246 1298 1291 1338 su·

231 1376 412 1450 prescriptam
432 1395 492 1435 rem
513 1379 690 1436 consimilem
710 1379 809 1435 reddat
830 1379 873 1436 cui
895 1379 1017 1437 donavit.

310 1473 392 1548 (XV.)
422 1479 484 1534 44.
517 1479 558 1533 De
580 1494 673 1535 servus
694 1477 791 1548 lugace
818 1483 846 1534 et
866 1477 972 1539 advena
993 1477 1118 1542 homine,
1142 1475 1215 1532 siin
1237 1476 1290 1533 alia

228 1572 374 1645 judiciaria
395 1573 523 1630 inventus
542 1575 635 1645 luerit,
659 1583 725 1631 tuno
746 1575 870 1646 deganus
892 1581 939 1630 aut
959 1575 1086 1634 sultarius
1106 1575 1154 1648 qui
1175 1573 1204 1630 in
1228 1575 1291 1630 loco
1362 1589 1367 1595 ·

231 1677 273 1728 est
293 1671 521 1743 conprehendere
543 1672 660 1740 deveat,
691 1678 719 1728 et
745 1674 780 1728 ad
810 1672 1060 1730 sculdahissuum
1081 1671 1233 1743 perducat,
1264 1679 1292 1726 et

231 1768 290 1839 ipse
317 1768 457 1825 sculdahis
480 1769 568 1842 judici
597 1786 648 1825 suo
675 1769 830 1839 consignet.
873 1771 909 1826 Et
935 1769 995 1842 ipse
1020 1769 1106 1841 judex
1126 1774 1290 1840 potestatem

232 1866 331 1922 haheat
352 1883 415 1923 eum
435 1866 635 1939 inquirendum
663 1867 738 1922 unde
766 1867 825 1938 ipse
848 1873 906 1931 est;
939 1875 967 1922 et
995 1865 1017 1921 sl
1049 1865 1178 1921 inventus
1209 1865 1291 1920 luerit

232 1964 308 2036 quud
329 1980 423 2019 servus
444 1963 480 2018 sit
500 1970 547 2019 aut
568 1964 621 2033 lur,
644 1980 710 2020 mox
721 1964 835 2020 mandet
851 1964 886 2020 ad
897 1964 1022 2037 J'udiccm
1035 1970 1081 2019 aut
1094 1964 1129 2019 ad
1145 1964 1291 2020 dominum

232 2060 290 2134 ejus
310 2061 385 2117 unde
406 2060 465 2133 ipse
488 2061 585 2125 luerit,
620 2068 648 2116 et
669 2061 770 2118 habeat
791 2078 842 2133 pro
863 2078 977 2133 presura
1000 2061 1034 2117 de
1055 2061 1116 2134 ipso
1138 2077 1219 2117 servo
1241 2077 1292 2134 per

233 2166 315 2231 caput
335 2159 440 2215 solidos
461 2159 548 2215 duos:
571 2160 593 2216 si
615 2165 706 2215 autem
728 2166 791 2233 post
811 2159 972 2233 inquisitam
995 2177 1105 2219 causam
1126 2160 1185 2232 ipse
1207 2160 1290 2215 homo

233 2257 280 2334 qui
302 2257 511 2330 conprehensus
531 2265 578 2314 aut
599 2253 747 2331 inquisitus
771 2257 852 2314 suerit
880 2259 951 2314 liber
972 2258 1128 2332 aparuerit,
1160 2259 1236 2313 nulla
1257 2257 1292 2312 sit

232 2355 313 2426 culpa
341 2354 366 2410 ei
393 2354 440 2427 qui
463 2372 526 2414 eum
555 2355 641 2428 presit
670 2361 717 2411 aut
744 2355 897 2428 inquisivit.
942 2355 971 2411 Si
988 2372 1070 2418 suero
1099 2356 1224 2426 degauus
1245 2362 1292 2410 aut

232 2452 358 2508 saltarius
379 2451 433 2507 hoo
454 2453 544 2508 lacere
567 2453 720 2522 distulerit,
744 2435 886 2527 conponat
907 2453 1013 2510 solidos
1034 2471 1089 2523 uu,
1113 2452 1290 2509 medietatem

233 2549 373 2606 sculdahis
394 2566 455 2620 suo,
478 2557 506 2606 et
525 2551 702 2608 medietatem
724 2553 801 2624 cujus
816 2569 898 2609 causa
919 2560 977 2616 est;
998 2559 1026 2608 et
1045 2551 1068 2608 si
1084 2541 1223 2630 sculdahis
1243 2567 1293 2605 ne·

233 2648 351 2703 electum
373 2647 506 2718 posuerit,
530 2656 671 2722 conponat
692 2649 796 2705 solidos
817 2667 884 2718 vur,
918 2651 1096 2707 medietatem
1118 2648 1206 2721 judici
1228 2664 1289 2712 suo,

234 2752 261 2800 ct
282 2745 459 2801 medietatem
480 2746 557 2818 cujus
578 2764 659 2803 causa
681 2754 739 2813 est;
770 2748 793 2802 si
815 2764 879 2804 vero
897 2748 983 2820 judex
1005 2748 1039 2804 ad
1062 2763 1126 2804 eum
1147 2745 1293 2818 inquiren-

234 2843 299 2898 dum
322 2845 363 2899 vel
391 2844 552 2900 mandatum
580 2843 737 2900 laciendum
768 2844 843 2900 unde
875 2845 934 2916 ipse
966 2843 1050 2900 homo
1080 2850 1122 2900 est
1142 2841 1289 2912 distulerit,

234 2946 377 3013 conponat
397 2941 425 2996 in
448 2941 551 3015 palatio
573 2941 677 2998 solidos
699 2958 748 2998 xu.
792 2941 871 2998 Etsi
892 2944 939 2998 ille
958 2941 1043 3014 judex
1065 2941 1110 2998 cui
1131 2941 1291 2997 mandatum

233 3039 340 3095 venerit
360 3041 515 3096 neclectum
535 3039 631 3096 lecerit
651 3041 686 3096 ad
707 3041 798 3112 ipsum
820 3039 963 3096 hominem
983 3039 1222 3109 recollegendum,
1246 3043 1293 3093 aut

235 3136 380 3193 arimanuo
401 3153 451 3192 suo
474 3137 634 3194 mandatum
657 3138 830 3210 laciendum,
854 3138 918 3210 quia
939 3138 976 3197 ln
996 3139 1049 3194 tole
1070 3139 1126 3192 loco
1146 3137 1223 3192 horno
1245 3143 1291 3192 tuo

235 3233 426 3306 conprehensas
438 3245 484 3306 ert,
507 3242 538 3292 et·
549 3235 601 3292 hoc
618 3236 778 3301 neclexerit,
797 3243 937 3308 conponat
953 3236 980 3292 in
1002 3221 1104 3307 palatio
1120 3233 1225 3296 solidos
1239 3249 1289 3288 xn.

234 3332 271 3387 Et
290 3331 326 3387 sit
344 3334 464 3404 spatium
485 3335 519 3390 de
540 3334 600 3405 ipso
623 3333 752 3389 mandato
775 3333 949 3402 laciendum,
978 3333 1007 3387 in
1029 3331 1087 3388 istis
1117 3331 1240 3404 partibus
1261 3329 1291 3386 in

235 3445 292 3484 uno
313 3445 430 3496 mense3
454 3439 528 3487 trans
548 3432 635 3502 Alpes
656 3448 721 3487 vero
742 3431 771 3487 iu
789 3431 913 3504 partibus
928 3431 1028 3486 Tuscia
1049 3433 1078 3486 in
1095 3445 1204 3486 menses
1225 3429 1290 3486 duo.

315 3525 416 3600 (XVI.)
444 3529 507 3585 45.
536 3528 564 3584 Si
586 3529 648 3602 qrris
669 3528 797 3586 astalaria
818 3529 930 3585 alterius
951 3528 1126 3601 capelaverit,
1150 3532 1292 3598 conponat

234 3624 260 3682 ei
282 3625 359 3698 cujus
380 3626 505 3684 astalaria
527 3623 610 3683 luerit
629 3628 734 3684 solidos
755 3644 794 3683 ur.

314 3721 427 3798 (XVII.)
454 3726 518 3782 40.
548 3725 661 3798 Siquis
683 3727 815 3782 fossatum
842 3726 871 3782 in
893 3732 963 3781 terra
985 3723 1097 3780 alterius
1118 3721 1234 3793 lecerit,
1264 3728 1292 3778 el

236 3837 313 3879 suam
334 3840 390 3879 non
406 3821 528 3895 potuerit
542 3839 667 3894 provarc,
691 3831 833 3896 conponat
853 3823 879 3880 ei
897 3824 974 3896 cujus
990 3830 1062 3880 terra
1083 3826 1124 3876 est
1138 3819 1243 3876 solidos
1254 3837 1290 3879 vr.

317 3918 444 3993 (XVIII.)
465 3921 523 3976 42.
545 3919 651 3994 Siquis
672 3938 737 3994 sepe
758 3921 787 3978 iu
811 3929 882 3978 terra
899 3921 1010 3978 alterius
1027 3918 1143 3988 miserit,
1166 3924 1194 3975 et
1213 3934 1291 3974 suam

136 4097 140 4104 .
236 4034 352 4092 provere
374 4035 431 4074 nou
452 4017 583 4091 potuerit,
607 4026 750 4092 conponat
769 4020 794 4076 ci
817 4019 893 4092 cujus
915 4026 986 4076 terra
1007 4025 1048 4075 cst
1068 4017 1172 4073 solidos
1193 4033 1232 4072 vr.

316 4112 457 4192 (XVIIII.)
487 4118 550 4175 48.
581 4117 611 4173 Si
642 4119 704 4190 quis
731 4118 850 4175 liberum
879 4117 1023 4180 homiuem
1050 4115 1117 4173 loris
1146 4113 1290 4189 provincia

237 4210 413 4295 ri'ndederit,
445 4223 586 4289 conponat
613 4215 752 4287 widrigild
773 4215 831 4288 ejus
852 4223 992 4290 tamquam
1012 4214 1036 4272 si
1057 4231 1121 4271 eum
1142 4212 1289 4271 occisisset.

318 4308 404 4386 (XX.)
433 4314 499 4370 49.
530 4312 561 4369 Si
583 4312 644 4386 quis
665 4329 774 4373 servum
795 4313 916 4370 alienum
944 4311 1010 4369 loris
1032 4312 1174 4384 provincia
1195 4310 1291 4367 vinde-

239 4408 328 4475 derit,
358 4416 386 4466 et
404 4418 549 4483 provatum
579 4411 678 4483 luerit,
709 4411 738 4468 in
760 4412 946 4485 quadruplum
975 4427 1044 4468 eum
1060 4417 1201 4484 conponat
1220 4407 1291 4466 sicut

238 4506 390 4582 appretiata
412 4507 494 4566 luerit
514 4508 575 4582 ipsa
595 4526 724 4582 persona.
