<?xml version="1.0" encoding="UTF-8"?>
<!DOCTYPE html PUBLIC "-//W3C//DTD XHTML 1.0 Transitional//EN"
    "http://www.w3.org/TR/xhtml1/DTD/xhtml1-transitional.dtd">
<html xmlns="http://www.w3.org/1999/xhtml" xml:lang="en" lang="en">
 <head>
  <title>
</title>
<meta http-equiv="Content-Type" content="text/html;charset=utf-8" />
  <meta name='ocr-system' content='tesseract 3.04.00' />
  <meta name='ocr-capabilities' content='ocr_page ocr_carea ocr_par ocr_line ocrx_word'/>
</head>
<body>
  <div class='ocr_page' id='page_1' title='image "./edictaregumlang00neiggoog_0061.png"; bbox 0 0 3048 5130; ppageno 0'>
   <div class='ocr_carea' id='block_1_1' title="bbox 238 441 903 508">
    <p class='ocr_par' dir='ltr' id='par_1_1' title="bbox 238 441 903 508">
     <span class='ocr_line' id='line_1_1' title="bbox 238 441 903 508; baseline -0.003 0"><span class='ocrx_word' id='word_1_1' title='bbox 238 441 280 508; x_wconf 76' lang='lat' dir='ltr'><strong>ld</strong></span> <span class='ocrx_word' id='word_1_2' title='bbox 631 458 788 506; x_wconf 73' lang='lat' dir='ltr'><strong>nonnanis</strong></span> <span class='ocrx_word' id='word_1_3' title='bbox 812 459 903 508; x_wconf 81' lang='lat' dir='ltr'><strong>raons</strong></span> 
     </span>
    </p>
   </div>
   <div class='ocr_carea' id='block_1_2' title="bbox 237 609 1320 4520">
    <p class='ocr_par' dir='ltr' id='par_1_2' title="bbox 237 609 1297 884">
     <span class='ocr_line' id='line_1_2' title="bbox 317 609 1297 686; baseline -0.002 -18"><span class='ocrx_word' id='word_1_4' title='bbox 317 613 409 670; x_wconf 91' lang='grc'><strong>666.</strong></span> <span class='ocrx_word' id='word_1_5' title='bbox 452 609 483 669; x_wconf 89' lang='lat' dir='ltr'><strong>Si</strong></span> <span class='ocrx_word' id='word_1_6' title='bbox 499 609 676 686; x_wconf 87' lang='lat' dir='ltr'><strong>portenarius</strong></span> <span class='ocrx_word' id='word_1_7' title='bbox 692 611 822 669; x_wconf 90' lang='lat' dir='ltr'><strong>iuronem</strong></span> <span class='ocrx_word' id='word_1_8' title='bbox 837 609 982 670; x_wconf 91' lang='lat' dir='ltr'><strong>hominem</strong></span> <span class='ocrx_word' id='word_1_9' title='bbox 993 611 1083 673; x_wconf 86' lang='lat' dir='ltr'><strong>sciens</strong></span> <span class='ocrx_word' id='word_1_10' title='bbox 1097 609 1297 686; x_wconf 77' lang='lat' dir='ltr'><strong>transposuerit</strong></span> 
     </span>
     <span class='ocr_line' id='line_1_3' title="bbox 237 699 1296 783; baseline -0.008 -12"><span class='ocrx_word' id='word_1_11' title='bbox 237 728 300 771; x_wconf 88' lang='lat' dir='ltr'><strong>cum</strong></span> <span class='ocrx_word' id='word_1_12' title='bbox 321 709 428 782; x_wconf 88' lang='lat' dir='ltr'><strong>aliquas</strong></span> <span class='ocrx_word' id='word_1_13' title='bbox 449 725 494 766; x_wconf 87' lang='lat' dir='ltr'><strong>res</strong></span> <span class='ocrx_word' id='word_1_14' title='bbox 515 708 648 780; x_wconf 89' lang='lat' dir='ltr'><strong>iortivas,</strong></span> <span class='ocrx_word' id='word_1_15' title='bbox 677 709 799 780; x_wconf 79' lang='lat' dir='ltr'><strong>collegas</strong></span> <span class='ocrx_word' id='word_1_16' title='bbox 820 699 856 766; x_wconf 87' lang='lat' dir='ltr'><strong>sit</strong></span> <span class='ocrx_word' id='word_1_17' title='bbox 880 709 990 779; x_wconf 86' lang='lat' dir='ltr'><strong>iuroni,</strong></span> <span class='ocrx_word' id='word_1_18' title='bbox 1018 716 1045 766; x_wconf 93' lang='lat' dir='ltr'><strong>et</strong></span> <span class='ocrx_word' id='word_1_19' title='bbox 1075 709 1165 783; x_wconf 87' lang='lat' dir='ltr'><strong>ipsum</strong></span> <span class='ocrx_word' id='word_1_20' title='bbox 1193 709 1296 764; x_wconf 86' lang='lat' dir='ltr'><strong>lurtum</strong></span> 
     </span>
     <span class='ocr_line' id='line_1_4' title="bbox 237 806 1227 884; baseline -0.007 -14"><span class='ocrx_word' id='word_1_21' title='bbox 237 813 397 884; x_wconf 80' lang='lat' dir='ltr'><strong>conponat3</strong></span> <span class='ocrx_word' id='word_1_22' title='bbox 420 814 537 880; x_wconf 83' lang='lat' dir='ltr'><strong>excepto</strong></span> <span class='ocrx_word' id='word_1_23' title='bbox 558 806 595 864; x_wconf 91' lang='lat' dir='ltr'><strong>sit</strong></span> <span class='ocrx_word' id='word_1_24' title='bbox 614 807 765 882; x_wconf 90' lang='lat' dir='ltr'><strong>culpavelis</strong></span> <span class='ocrx_word' id='word_1_25' title='bbox 785 808 814 864; x_wconf 95' lang='lat' dir='ltr'><strong>in</strong></span> <span class='ocrx_word' id='word_1_26' title='bbox 837 813 942 866; x_wconf 90' lang='lat' dir='ltr'><strong>curtem</strong></span> <span class='ocrx_word' id='word_1_27' title='bbox 963 808 1036 880; x_wconf 81' lang='lat' dir='ltr'><strong>regis</strong></span> <span class='ocrx_word' id='word_1_28' title='bbox 1055 808 1160 864; x_wconf 87' lang='lat' dir='ltr'><strong>solidos</strong></span> <span class='ocrx_word' id='word_1_29' title='bbox 1181 824 1227 863; x_wconf 92' lang='grc' dir='ltr'><strong>ιι.</strong></span> 
     </span>
    </p>

    <p class='ocr_par' dir='ltr' id='par_1_3' title="bbox 237 904 1299 1572">
     <span class='ocr_line' id='line_1_5' title="bbox 316 904 1295 979; baseline -0.004 -15"><span class='ocrx_word' id='word_1_30' title='bbox 316 905 402 964; x_wconf 88' lang='grc'><strong>666.</strong></span> <span class='ocrx_word' id='word_1_31' title='bbox 444 904 474 961; x_wconf 88' lang='lat' dir='ltr'><strong>Si</strong></span> <span class='ocrx_word' id='word_1_32' title='bbox 496 905 672 976; x_wconf 82' lang='lat' dir='ltr'><strong>portanarius</strong></span> <span class='ocrx_word' id='word_1_33' title='bbox 692 904 833 979; x_wconf 87' lang='lat' dir='ltr'><strong>mancipia</strong></span> <span class='ocrx_word' id='word_1_34' title='bbox 847 905 961 976; x_wconf 75' lang='lat' dir='ltr'><strong>fugitiva</strong></span> <span class='ocrx_word' id='word_1_35' title='bbox 980 905 1070 962; x_wconf 90' lang='lat' dir='ltr'><strong>sciens</strong></span> <span class='ocrx_word' id='word_1_36' title='bbox 1085 905 1295 979; x_wconf 79' lang='lat' dir='ltr'><strong>transposuerit,</strong></span> 
     </span>
     <span class='ocr_line' id='line_1_6' title="bbox 237 1001 1297 1079; baseline -0.003 -16"><span class='ocrx_word' id='word_1_37' title='bbox 237 1005 260 1063; x_wconf 87' lang='lat' dir='ltr'><strong>si</strong></span> <span class='ocrx_word' id='word_1_38' title='bbox 281 1009 428 1079; x_wconf 75' lang='lat' dir='ltr'><strong>provaurm</strong></span> <span class='ocrx_word' id='word_1_39' title='bbox 448 1001 542 1072; x_wconf 86' lang='lat' dir='ltr'><strong>luerit,</strong></span> <span class='ocrx_word' id='word_1_40' title='bbox 566 1002 710 1076; x_wconf 82' lang='lat' dir='ltr'><strong>perquirat</strong></span> <span class='ocrx_word' id='word_1_41' title='bbox 729 1019 786 1070; x_wconf 88' lang='lat' dir='ltr'><strong>eas,</strong></span> <span class='ocrx_word' id='word_1_42' title='bbox 810 1010 838 1060; x_wconf 91' lang='lat' dir='ltr'><strong>et</strong></span> <span class='ocrx_word' id='word_1_43' title='bbox 859 1002 974 1077; x_wconf 93' lang='lat' dir='ltr'><strong>proprio</strong></span> <span class='ocrx_word' id='word_1_44' title='bbox 993 1003 1109 1061; x_wconf 89' lang='lat' dir='ltr'><strong>domino</strong></span> <span class='ocrx_word' id='word_1_45' title='bbox 1130 1021 1193 1060; x_wconf 91' lang='lat' dir='ltr'><strong>cum</strong></span> <span class='ocrx_word' id='word_1_46' title='bbox 1213 1003 1297 1060; x_wconf 85' lang='lat' dir='ltr'><strong>rebus</strong></span> 
     </span>
     <span class='ocr_line' id='line_1_7' title="bbox 238 1089 1298 1185; baseline -0.002 -25"><span class='ocrx_word' id='word_1_47' title='bbox 238 1119 306 1178; x_wconf 85' lang='lat' dir='ltr'><strong>quas</strong></span> <span class='ocrx_word' id='word_1_48' title='bbox 326 1117 421 1160; x_wconf 91' lang='lat' dir='ltr'><strong>seeum</strong></span> <span class='ocrx_word' id='word_1_49' title='bbox 447 1099 577 1156; x_wconf 87' lang='lat' dir='ltr'><strong>detulerit</strong></span> <span class='ocrx_word' id='word_1_50' title='bbox 597 1089 730 1160; x_wconf 84' lang='lat' dir='ltr'><strong>restituat.</strong></span> <span class='ocrx_word' id='word_1_51' title='bbox 771 1102 808 1158; x_wconf 87' lang='lat' dir='ltr'><strong>Et</strong></span> <span class='ocrx_word' id='word_1_52' title='bbox 827 1102 850 1158; x_wconf 89' lang='lat' dir='ltr'><strong>si</strong></span> <span class='ocrx_word' id='word_1_53' title='bbox 871 1101 924 1175; x_wconf 89' lang='lat' dir='ltr'><strong>ipsi</strong></span> <span class='ocrx_word' id='word_1_54' title='bbox 939 1102 1057 1185; x_wconf 21' lang='lat' dir='ltr'><strong>&#39;iogaces</strong></span> <span class='ocrx_word' id='word_1_55' title='bbox 1077 1102 1143 1159; x_wconf 89' lang='lat' dir='ltr'><strong>alibi</strong></span> <span class='ocrx_word' id='word_1_56' title='bbox 1164 1109 1298 1158; x_wconf 87' lang='lat' dir='ltr'><strong>transme-</strong></span> 
     </span>
     <span class='ocr_line' id='line_1_8' title="bbox 238 1197 1297 1282; baseline -0.003 -23"><span class='ocrx_word' id='word_1_57' title='bbox 238 1200 369 1282; x_wconf 72' lang='lat' dir='ltr'><strong>praverit,</strong></span> <span class='ocrx_word' id='word_1_58' title='bbox 391 1206 421 1256; x_wconf 96' lang='lat' dir='ltr'><strong>ut</strong></span> <span class='ocrx_word' id='word_1_59' title='bbox 442 1215 500 1255; x_wconf 92' lang='lat' dir='ltr'><strong>nou</strong></span> <span class='ocrx_word' id='word_1_60' title='bbox 521 1197 695 1267; x_wconf 86' lang='lat' dir='ltr'><strong>inveniatur,</strong></span> <span class='ocrx_word' id='word_1_61' title='bbox 728 1207 794 1257; x_wconf 90' lang='lat' dir='ltr'><strong>tunc</strong></span> <span class='ocrx_word' id='word_1_62' title='bbox 815 1200 935 1275; x_wconf 90' lang='lat' dir='ltr'><strong>portitor</strong></span> <span class='ocrx_word' id='word_1_63' title='bbox 954 1200 1013 1274; x_wconf 90' lang='lat' dir='ltr'><strong>ipsa</strong></span> <span class='ocrx_word' id='word_1_64' title='bbox 1034 1199 1192 1272; x_wconf 88' lang='lat' dir='ltr'><strong>mancipia,</strong></span> <span class='ocrx_word' id='word_1_65' title='bbox 1216 1199 1297 1257; x_wconf 90' lang='lat' dir='ltr'><strong>simul</strong></span> 
     </span>
     <span class='ocr_line' id='line_1_9' title="bbox 238 1297 1298 1373; baseline -0.004 -15"><span class='ocrx_word' id='word_1_66' title='bbox 238 1307 266 1358; x_wconf 90' lang='lat' dir='ltr'><strong>et</strong></span> <span class='ocrx_word' id='word_1_67' title='bbox 285 1315 329 1356; x_wconf 90' lang='lat' dir='ltr'><strong>res</strong></span> <span class='ocrx_word' id='word_1_68' title='bbox 351 1298 387 1355; x_wconf 90' lang='lat' dir='ltr'><strong>de</strong></span> <span class='ocrx_word' id='word_1_69' title='bbox 407 1304 525 1370; x_wconf 85' lang='lat' dir='ltr'><strong>quantas</strong></span> <span class='ocrx_word' id='word_1_70' title='bbox 546 1313 628 1355; x_wconf 90' lang='lat' dir='ltr'><strong>ausus</strong></span> <span class='ocrx_word' id='word_1_71' title='bbox 649 1298 731 1355; x_wconf 89' lang='lat' dir='ltr'><strong>luerit</strong></span> <span class='ocrx_word' id='word_1_72' title='bbox 747 1299 841 1373; x_wconf 85' lang='lat' dir='ltr'><strong>jurare</strong></span> <span class='ocrx_word' id='word_1_73' title='bbox 869 1299 917 1373; x_wconf 90' lang='lat' dir='ltr'><strong>qui</strong></span> <span class='ocrx_word' id='word_1_74' title='bbox 937 1298 1083 1372; x_wconf 85' lang='lat' dir='ltr'><strong>perdedit,</strong></span> <span class='ocrx_word' id='word_1_75' title='bbox 1118 1297 1143 1355; x_wconf 94' lang='lat' dir='ltr'><strong>ei</strong></span> <span class='ocrx_word' id='word_1_76' title='bbox 1174 1299 1210 1356; x_wconf 89' lang='lat' dir='ltr'><strong>ab</strong></span> <span class='ocrx_word' id='word_1_77' title='bbox 1237 1297 1298 1370; x_wconf 88' lang='lat' dir='ltr'><strong>ipso</strong></span> 
     </span>
     <span class='ocr_line' id='line_1_10' title="bbox 238 1395 1299 1474; baseline -0.003 -18"><span class='ocrx_word' id='word_1_78' title='bbox 238 1399 288 1474; x_wconf 86' lang='lat' dir='ltr'><strong>qui</strong></span> <span class='ocrx_word' id='word_1_79' title='bbox 314 1397 405 1456; x_wconf 88' lang='lat' dir='ltr'><strong>sciens</strong></span> <span class='ocrx_word' id='word_1_80' title='bbox 427 1396 608 1470; x_wconf 76' lang='lat' dir='ltr'><strong>transposuerit</strong></span> <span class='ocrx_word' id='word_1_81' title='bbox 635 1397 786 1454; x_wconf 90' lang='lat' dir='ltr'><strong>reddantur</strong></span> <span class='ocrx_word' id='word_1_82' title='bbox 813 1398 864 1454; x_wconf 91' lang='lat' dir='ltr'><strong>sub</strong></span> <span class='ocrx_word' id='word_1_83' title='bbox 893 1397 1102 1455; x_wconf 84' lang='lat' dir='ltr'><strong>extimationem</strong></span> <span class='ocrx_word' id='word_1_84' title='bbox 1123 1395 1221 1469; x_wconf 89' lang='lat' dir='ltr'><strong>pretii,</strong></span> <span class='ocrx_word' id='word_1_85' title='bbox 1251 1413 1299 1453; x_wconf 86' lang='lat' dir='ltr'><strong>ex-</strong></span> 
     </span>
     <span class='ocr_line' id='line_1_11' title="bbox 238 1481 1296 1572; baseline -0.003 -17"><span class='ocrx_word' id='word_1_86' title='bbox 238 1481 325 1572; x_wconf 85' lang='lat' dir='ltr'><strong>cepto</strong></span> <span class='ocrx_word' id='word_1_87' title='bbox 340 1511 392 1570; x_wconf 90' lang='lat' dir='ltr'><strong>pro</strong></span> <span class='ocrx_word' id='word_1_88' title='bbox 406 1495 487 1568; x_wconf 89' lang='lat' dir='ltr'><strong>culpa</strong></span> <span class='ocrx_word' id='word_1_89' title='bbox 505 1500 648 1567; x_wconf 86' lang='lat' dir='ltr'><strong>conponat</strong></span> <span class='ocrx_word' id='word_1_90' title='bbox 663 1494 723 1568; x_wconf 92' lang='lat' dir='ltr'><strong>ipse</strong></span> <span class='ocrx_word' id='word_1_91' title='bbox 735 1494 853 1568; x_wconf 90' lang='lat' dir='ltr'><strong>portitor</strong></span> <span class='ocrx_word' id='word_1_92' title='bbox 865 1496 901 1553; x_wconf 87' lang='lat' dir='ltr'><strong>ad</strong></span> <span class='ocrx_word' id='word_1_93' title='bbox 920 1502 1025 1552; x_wconf 88' lang='lat' dir='ltr'><strong>curtem</strong></span> <span class='ocrx_word' id='word_1_94' title='bbox 1042 1494 1115 1566; x_wconf 83' lang='lat' dir='ltr'><strong>regis</strong></span> <span class='ocrx_word' id='word_1_95' title='bbox 1135 1493 1239 1550; x_wconf 81' lang='lat' dir='ltr'><strong>solidor</strong></span> <span class='ocrx_word' id='word_1_96' title='bbox 1251 1510 1296 1552; x_wconf 89' lang='grc' dir='ltr'><strong>ιι.</strong></span> 
     </span>
    </p>

    <p class='ocr_par' dir='ltr' id='par_1_4' title="bbox 238 1591 1320 2045">
     <span class='ocr_line' id='line_1_12' title="bbox 319 1591 1299 1666; baseline -0.002 -16"><span class='ocrx_word' id='word_1_97' title='bbox 319 1594 409 1651; x_wconf 83' lang='grc'><strong>668.</strong></span> <span class='ocrx_word' id='word_1_98' title='bbox 451 1591 482 1649; x_wconf 90' lang='lat' dir='ltr'><strong>Si</strong></span> <span class='ocrx_word' id='word_1_99' title='bbox 510 1592 689 1666; x_wconf 88' lang='lat' dir='ltr'><strong>portenarius</strong></span> <span class='ocrx_word' id='word_1_100' title='bbox 717 1592 859 1651; x_wconf 89' lang='lat' dir='ltr'><strong>hominem</strong></span> <span class='ocrx_word' id='word_1_101' title='bbox 887 1595 1005 1651; x_wconf 90' lang='lat' dir='ltr'><strong>liberum</strong></span> <span class='ocrx_word' id='word_1_102' title='bbox 1026 1594 1153 1664; x_wconf 80' lang='lat' dir='ltr'><strong>fugacem</strong></span> <span class='ocrx_word' id='word_1_103' title='bbox 1172 1600 1299 1664; x_wconf 81' lang='lat' dir='ltr'><strong>transpo-</strong></span> 
     </span>
     <span class='ocr_line' id='line_1_13' title="bbox 239 1689 1300 1766; baseline -0.007 -13"><span class='ocrx_word' id='word_1_104' title='bbox 239 1691 336 1758; x_wconf 85' lang='lat' dir='ltr'><strong>suerit,</strong></span> <span class='ocrx_word' id='word_1_105' title='bbox 360 1695 388 1749; x_wconf 90' lang='lat' dir='ltr'><strong>et</strong></span> <span class='ocrx_word' id='word_1_106' title='bbox 407 1691 572 1764; x_wconf 76' lang='lat' dir='ltr'><strong>cognoverit</strong></span> <span class='ocrx_word' id='word_1_107' title='bbox 591 1691 657 1766; x_wconf 90' lang='lat' dir='ltr'><strong>quia</strong></span> <span class='ocrx_word' id='word_1_108' title='bbox 678 1692 761 1765; x_wconf 72' lang='lat' dir='ltr'><strong>tuga:</strong></span> <span class='ocrx_word' id='word_1_109' title='bbox 783 1699 834 1765; x_wconf 89' lang='lat' dir='ltr'><strong>est,</strong></span> <span class='ocrx_word' id='word_1_110' title='bbox 857 1693 949 1750; x_wconf 91' lang='lat' dir='ltr'><strong>anime</strong></span> <span class='ocrx_word' id='word_1_111' title='bbox 970 1709 1035 1751; x_wconf 87' lang='lat' dir='ltr'><strong>auae</strong></span> <span class='ocrx_word' id='word_1_112' title='bbox 1052 1691 1175 1750; x_wconf 88' lang='lat' dir='ltr'><strong>incurrat</strong></span> <span class='ocrx_word' id='word_1_113' title='bbox 1190 1689 1300 1764; x_wconf 90' lang='lat' dir='ltr'><strong>pericu-</strong></span> 
     </span>
     <span class='ocr_line' id='line_1_14' title="bbox 238 1787 1299 1864; baseline -0.004 -16"><span class='ocrx_word' id='word_1_114' title='bbox 238 1791 313 1860; x_wconf 92' lang='lat' dir='ltr'><strong>lum,</strong></span> <span class='ocrx_word' id='word_1_115' title='bbox 336 1795 383 1846; x_wconf 91' lang='lat' dir='ltr'><strong>aut</strong></span> <span class='ocrx_word' id='word_1_116' title='bbox 409 1795 554 1864; x_wconf 88' lang='lat' dir='ltr'><strong>conponat</strong></span> <span class='ocrx_word' id='word_1_117' title='bbox 574 1789 695 1862; x_wconf 79' lang='lat' dir='ltr'><strong>virigild</strong></span> <span class='ocrx_word' id='word_1_118' title='bbox 715 1806 786 1856; x_wconf 73' lang='lat' dir='ltr'><strong>suot</strong></span> <span class='ocrx_word' id='word_1_119' title='bbox 818 1790 883 1864; x_wconf 89' lang='lat' dir='ltr'><strong>quia</strong></span> <span class='ocrx_word' id='word_1_120' title='bbox 904 1796 1052 1864; x_wconf 85' lang='lat' dir='ltr'><strong>postquam</strong></span> <span class='ocrx_word' id='word_1_121' title='bbox 1072 1788 1203 1861; x_wconf 80' lang='lat' dir='ltr'><strong>cognovit</strong></span> <span class='ocrx_word' id='word_1_122' title='bbox 1223 1787 1299 1861; x_wconf 87' lang='lat' dir='ltr'><strong>quod</strong></span> 
     </span>
     <span class='ocr_line' id='line_1_15' title="bbox 238 1868 1320 1961; baseline -0.003 -15"><span class='ocrx_word' id='word_1_123' title='bbox 238 1888 269 1946; x_wconf 92' lang='lat' dir='ltr'><strong>in</strong></span> <span class='ocrx_word' id='word_1_124' title='bbox 289 1887 383 1959; x_wconf 80' lang='lat' dir='ltr'><strong>iugem</strong></span> <span class='ocrx_word' id='word_1_125' title='bbox 404 1894 480 1958; x_wconf 88' lang='lat' dir='ltr'><strong>erat,</strong></span> <span class='ocrx_word' id='word_1_126' title='bbox 509 1887 533 1944; x_wconf 93' lang='lat' dir='ltr'><strong>si</strong></span> <span class='ocrx_word' id='word_1_127' title='bbox 555 1905 619 1946; x_wconf 92' lang='lat' dir='ltr'><strong>eum</strong></span> <span class='ocrx_word' id='word_1_128' title='bbox 641 1894 737 1947; x_wconf 90' lang='lat' dir='ltr'><strong>tenere</strong></span> <span class='ocrx_word' id='word_1_129' title='bbox 758 1903 816 1944; x_wconf 89' lang='lat' dir='ltr'><strong>non</strong></span> <span class='ocrx_word' id='word_1_130' title='bbox 837 1888 945 1961; x_wconf 90' lang='lat' dir='ltr'><strong>potuit,</strong></span> <span class='ocrx_word' id='word_1_131' title='bbox 975 1905 1042 1946; x_wconf 85' lang='lat' dir='ltr'><strong>mox</strong></span> <span class='ocrx_word' id='word_1_132' title='bbox 1062 1887 1232 1944; x_wconf 89' lang='lat' dir='ltr'><strong>innotiseere</strong></span> <span class='ocrx_word' id='word_1_133' title='bbox 1253 1868 1320 1944; x_wconf 67' lang='grc' dir='ltr'><strong>ιιιῑ1</strong></span> 
     </span>
     <span class='ocr_line' id='line_1_16' title="bbox 239 1985 541 2045; baseline 0.003 -1"><span class='ocrx_word' id='word_1_134' title='bbox 239 1991 417 2045; x_wconf 74' lang='lat' dir='ltr'><strong>antecurrens</strong></span> <span class='ocrx_word' id='word_1_135' title='bbox 436 1985 541 2045; x_wconf 85' lang='lat' dir='ltr'><strong>debuit.</strong></span> 
     </span>
    </p>

    <p class='ocr_par' dir='ltr' id='par_1_5' title="bbox 239 2080 1301 2744">
     <span class='ocr_line' id='line_1_17' title="bbox 319 2080 1301 2157; baseline -0.002 -16"><span class='ocrx_word' id='word_1_136' title='bbox 319 2085 412 2141; x_wconf 83' lang='grc'><strong>666.</strong></span> <span class='ocrx_word' id='word_1_137' title='bbox 454 2082 484 2140; x_wconf 89' lang='lat' dir='ltr'><strong>Si</strong></span> <span class='ocrx_word' id='word_1_138' title='bbox 504 2081 661 2156; x_wconf 90' lang='lat' dir='ltr'><strong>mancipios</strong></span> <span class='ocrx_word' id='word_1_139' title='bbox 682 2080 879 2156; x_wconf 85' lang='lat' dir='ltr'><strong>cujuscumque</strong></span> <span class='ocrx_word' id='word_1_140' title='bbox 899 2083 1068 2157; x_wconf 79' lang='lat' dir='ltr'><strong>postellum</strong></span> <span class='ocrx_word' id='word_1_141' title='bbox 1094 2082 1238 2139; x_wconf 89' lang='lat' dir='ltr'><strong>hominem</strong></span> <span class='ocrx_word' id='word_1_142' title='bbox 1259 2082 1301 2139; x_wconf 88' lang='lat' dir='ltr'><strong>lu·</strong></span> 
     </span>
     <span class='ocr_line' id='line_1_18' title="bbox 239 2179 1298 2256; baseline -0.004 -16"><span class='ocrx_word' id='word_1_143' title='bbox 239 2181 340 2256; x_wconf 77' lang='lat' dir='ltr'><strong>gierit,</strong></span> <span class='ocrx_word' id='word_1_144' title='bbox 373 2187 401 2237; x_wconf 92' lang='lat' dir='ltr'><strong>et</strong></span> <span class='ocrx_word' id='word_1_145' title='bbox 432 2180 562 2239; x_wconf 87' lang='lat' dir='ltr'><strong>dominus</strong></span> <span class='ocrx_word' id='word_1_146' title='bbox 590 2185 699 2237; x_wconf 89' lang='lat' dir='ltr'><strong>secutus</strong></span> <span class='ocrx_word' id='word_1_147' title='bbox 720 2180 877 2238; x_wconf 86' lang='lat' dir='ltr'><strong>invitaverit</strong></span> <span class='ocrx_word' id='word_1_148' title='bbox 896 2180 927 2238; x_wconf 89' lang='lat' dir='ltr'><strong>in</strong></span> <span class='ocrx_word' id='word_1_149' title='bbox 948 2198 1047 2256; x_wconf 90' lang='lat' dir='ltr'><strong>pacem</strong></span> <span class='ocrx_word' id='word_1_150' title='bbox 1068 2188 1098 2237; x_wconf 95' lang='lat' dir='ltr'><strong>ut</strong></span> <span class='ocrx_word' id='word_1_151' title='bbox 1118 2181 1249 2237; x_wconf 89' lang='lat' dir='ltr'><strong>reddatur</strong></span> <span class='ocrx_word' id='word_1_152' title='bbox 1269 2179 1298 2237; x_wconf 91' lang='lat' dir='ltr'><strong>in</strong></span> 
     </span>
     <span class='ocr_line' id='line_1_19' title="bbox 239 2277 1299 2354; baseline -0.003 -16"><span class='ocrx_word' id='word_1_153' title='bbox 239 2280 377 2354; x_wconf 79' lang='lat' dir='ltr'><strong>gratiam,</strong></span> <span class='ocrx_word' id='word_1_154' title='bbox 409 2277 480 2335; x_wconf 89' lang='lat' dir='ltr'><strong>etsi</strong></span> <span class='ocrx_word' id='word_1_155' title='bbox 501 2279 530 2335; x_wconf 92' lang='lat' dir='ltr'><strong>in</strong></span> <span class='ocrx_word' id='word_1_156' title='bbox 552 2277 670 2350; x_wconf 78' lang='lat' dir='ltr'><strong>gratiam</strong></span> <span class='ocrx_word' id='word_1_157' title='bbox 690 2279 815 2336; x_wconf 91' lang='lat' dir='ltr'><strong>redditus</strong></span> <span class='ocrx_word' id='word_1_158' title='bbox 836 2279 935 2350; x_wconf 84' lang='lat' dir='ltr'><strong>luerit,</strong></span> <span class='ocrx_word' id='word_1_159' title='bbox 968 2286 996 2336; x_wconf 91' lang='lat' dir='ltr'><strong>et</strong></span> <span class='ocrx_word' id='word_1_160' title='bbox 1015 2279 1045 2337; x_wconf 91' lang='lat' dir='ltr'><strong>in</strong></span> <span class='ocrx_word' id='word_1_161' title='bbox 1066 2279 1227 2353; x_wconf 83' lang='lat' dir='ltr'><strong>ipsaculpa</strong></span> <span class='ocrx_word' id='word_1_162' title='bbox 1249 2280 1299 2335; x_wconf 95' lang='lat' dir='ltr'><strong>do·</strong></span> 
     </span>
     <span class='ocr_line' id='line_1_20' title="bbox 239 2375 1298 2451; baseline -0.004 -14"><span class='ocrx_word' id='word_1_163' title='bbox 239 2378 332 2437; x_wconf 67' lang='lat' dir='ltr'><strong>mnus</strong></span> <span class='ocrx_word' id='word_1_164' title='bbox 353 2376 382 2434; x_wconf 90' lang='lat' dir='ltr'><strong>in</strong></span> <span class='ocrx_word' id='word_1_165' title='bbox 404 2392 468 2434; x_wconf 89' lang='lat' dir='ltr'><strong>eum</strong></span> <span class='ocrx_word' id='word_1_166' title='bbox 487 2375 638 2434; x_wconf 86' lang='lat' dir='ltr'><strong>vindictam</strong></span> <span class='ocrx_word' id='word_1_167' title='bbox 664 2375 792 2443; x_wconf 88' lang='lat' dir='ltr'><strong>dederit,</strong></span> <span class='ocrx_word' id='word_1_168' title='bbox 825 2383 967 2451; x_wconf 88' lang='lat' dir='ltr'><strong>conponat</strong></span> <span class='ocrx_word' id='word_1_169' title='bbox 994 2377 1099 2434; x_wconf 90' lang='lat' dir='ltr'><strong>solidos</strong></span> <span class='ocrx_word' id='word_1_170' title='bbox 1128 2392 1164 2432; x_wconf 91' lang='grc' dir='ltr'><strong>ιι</strong></span> <span class='ocrx_word' id='word_1_171' title='bbox 1194 2375 1235 2434; x_wconf 90' lang='lat' dir='ltr'><strong>illi</strong></span> <span class='ocrx_word' id='word_1_172' title='bbox 1263 2377 1298 2433; x_wconf 89' lang='lat' dir='ltr'><strong>de</strong></span> 
     </span>
     <span class='ocr_line' id='line_1_21' title="bbox 239 2473 1298 2552; baseline -0.005 -18"><span class='ocrx_word' id='word_1_173' title='bbox 239 2477 317 2552; x_wconf 76' lang='lat' dir='ltr'><strong>euius</strong></span> <span class='ocrx_word' id='word_1_174' title='bbox 338 2481 444 2533; x_wconf 87' lang='lat' dir='ltr'><strong>curtem</strong></span> <span class='ocrx_word' id='word_1_175' title='bbox 464 2490 529 2533; x_wconf 89' lang='lat' dir='ltr'><strong>eum</strong></span> <span class='ocrx_word' id='word_1_176' title='bbox 549 2473 627 2540; x_wconf 88' lang='lat' dir='ltr'><strong>tolit;</strong></span> <span class='ocrx_word' id='word_1_177' title='bbox 650 2473 722 2531; x_wconf 89' lang='lat' dir='ltr'><strong>etsi</strong></span> <span class='ocrx_word' id='word_1_178' title='bbox 743 2474 844 2532; x_wconf 83' lang='lat' dir='ltr'><strong>dixerit</strong></span> <span class='ocrx_word' id='word_1_179' title='bbox 865 2477 941 2549; x_wconf 88' lang='lat' dir='ltr'><strong>quod</strong></span> <span class='ocrx_word' id='word_1_180' title='bbox 962 2494 1013 2550; x_wconf 90' lang='lat' dir='ltr'><strong>pro</strong></span> <span class='ocrx_word' id='word_1_181' title='bbox 1035 2476 1123 2549; x_wconf 91' lang='lat' dir='ltr'><strong>ipsam</strong></span> <span class='ocrx_word' id='word_1_182' title='bbox 1139 2475 1249 2548; x_wconf 90' lang='lat' dir='ltr'><strong>culpam</strong></span> <span class='ocrx_word' id='word_1_183' title='bbox 1269 2474 1298 2530; x_wconf 92' lang='lat' dir='ltr'><strong>in</strong></span> 
     </span>
     <span class='ocr_line' id='line_1_22' title="bbox 240 2571 1300 2648; baseline -0.002 -16"><span class='ocrx_word' id='word_1_184' title='bbox 240 2589 304 2632; x_wconf 90' lang='lat' dir='ltr'><strong>eum</strong></span> <span class='ocrx_word' id='word_1_185' title='bbox 324 2573 476 2631; x_wconf 88' lang='lat' dir='ltr'><strong>vindictam</strong></span> <span class='ocrx_word' id='word_1_186' title='bbox 496 2589 555 2630; x_wconf 90' lang='lat' dir='ltr'><strong>non</strong></span> <span class='ocrx_word' id='word_1_187' title='bbox 577 2571 712 2643; x_wconf 89' lang='lat' dir='ltr'><strong>dedissit,</strong></span> <span class='ocrx_word' id='word_1_188' title='bbox 746 2579 858 2646; x_wconf 89' lang='lat' dir='ltr'><strong>preveat</strong></span> <span class='ocrx_word' id='word_1_189' title='bbox 886 2575 1014 2648; x_wconf 74' lang='lat' dir='ltr'><strong>singulus</strong></span> <span class='ocrx_word' id='word_1_190' title='bbox 1037 2580 1243 2647; x_wconf 84' lang='lat' dir='ltr'><strong>sagramentum</strong></span> <span class='ocrx_word' id='word_1_191' title='bbox 1264 2573 1300 2630; x_wconf 89' lang='lat' dir='ltr'><strong>ad</strong></span> 
     </span>
     <span class='ocr_line' id='line_1_23' title="bbox 240 2669 657 2744; baseline 0 -14"><span class='ocrx_word' id='word_1_192' title='bbox 240 2671 394 2744; x_wconf 78' lang='lat' dir='ltr'><strong>evangelia,</strong></span> <span class='ocrx_word' id='word_1_193' title='bbox 417 2677 445 2728; x_wconf 88' lang='lat' dir='ltr'><strong>et</strong></span> <span class='ocrx_word' id='word_1_194' title='bbox 464 2669 501 2728; x_wconf 90' lang='lat' dir='ltr'><strong>sit</strong></span> <span class='ocrx_word' id='word_1_195' title='bbox 519 2671 657 2730; x_wconf 82' lang='lat' dir='ltr'><strong>exolutus.</strong></span> 
     </span>
    </p>

    <p class='ocr_par' dir='ltr' id='par_1_6' title="bbox 240 2767 1302 3138">
     <span class='ocr_line' id='line_1_24' title="bbox 283 2767 1298 2844; baseline -0.004 -14"><span class='ocrx_word' id='word_1_196' title='bbox 283 2825 284 2830; x_wconf 73' lang='grc'>,</span> <span class='ocrx_word' id='word_1_197' title='bbox 321 2769 407 2827; x_wconf 87' lang='grc'><strong>666.</strong></span> <span class='ocrx_word' id='word_1_198' title='bbox 449 2769 480 2826; x_wconf 85' lang='lat' dir='ltr'><strong>Si</strong></span> <span class='ocrx_word' id='word_1_199' title='bbox 501 2767 563 2842; x_wconf 86' lang='lat' dir='ltr'><strong>quis</strong></span> <span class='ocrx_word' id='word_1_200' title='bbox 584 2767 652 2838; x_wconf 89' lang='lat' dir='ltr'><strong>ille,</strong></span> <span class='ocrx_word' id='word_1_201' title='bbox 685 2772 852 2841; x_wconf 82' lang='lat' dir='ltr'><strong>postquem</strong></span> <span class='ocrx_word' id='word_1_202' title='bbox 872 2767 1028 2844; x_wconf 85' lang='lat' dir='ltr'><strong>mancipias</strong></span> <span class='ocrx_word' id='word_1_203' title='bbox 1049 2771 1156 2828; x_wconf 90' lang='lat' dir='ltr'><strong>alienus</strong></span> <span class='ocrx_word' id='word_1_204' title='bbox 1177 2769 1298 2841; x_wconf 74' lang='lat' dir='ltr'><strong>fugient,</strong></span> 
     </span>
     <span class='ocr_line' id='line_1_25' title="bbox 240 2865 1301 2943; baseline -0.001 -17"><span class='ocrx_word' id='word_1_205' title='bbox 240 2873 269 2926; x_wconf 91' lang='lat' dir='ltr'><strong>et</strong></span> <span class='ocrx_word' id='word_1_206' title='bbox 288 2866 501 2934; x_wconf 88' lang='lat' dir='ltr'><strong>noluerit-eum</strong></span> <span class='ocrx_word' id='word_1_207' title='bbox 522 2872 586 2941; x_wconf 89' lang='lat' dir='ltr'><strong>post</strong></span> <span class='ocrx_word' id='word_1_208' title='bbox 605 2865 756 2925; x_wconf 87' lang='lat' dir='ltr'><strong>secundam</strong></span> <span class='ocrx_word' id='word_1_209' title='bbox 777 2870 825 2922; x_wconf 85' lang='lat' dir='ltr'><strong>aut</strong></span> <span class='ocrx_word' id='word_1_210' title='bbox 844 2865 953 2923; x_wconf 89' lang='lat' dir='ltr'><strong>tertiam</strong></span> <span class='ocrx_word' id='word_1_211' title='bbox 981 2868 1212 2943; x_wconf 84' lang='lat' dir='ltr'><strong>contestationem</strong></span> <span class='ocrx_word' id='word_1_212' title='bbox 1239 2868 1301 2925; x_wconf 88' lang='lat' dir='ltr'><strong>red-</strong></span> 
     </span>
     <span class='ocr_line' id='line_1_26' title="bbox 241 2963 1302 3040; baseline -0.001 -16"><span class='ocrx_word' id='word_1_213' title='bbox 241 2967 318 3037; x_wconf 90' lang='lat' dir='ltr'><strong>dere,</strong></span> <span class='ocrx_word' id='word_1_214' title='bbox 342 2971 409 3021; x_wconf 91' lang='lat' dir='ltr'><strong>tunc</strong></span> <span class='ocrx_word' id='word_1_215' title='bbox 429 2964 594 3022; x_wconf 86' lang='lat' dir='ltr'><strong>constrictus</strong></span> <span class='ocrx_word' id='word_1_216' title='bbox 615 2963 741 3022; x_wconf 90' lang='lat' dir='ltr'><strong>restituat</strong></span> <span class='ocrx_word' id='word_1_217' title='bbox 761 2964 853 3037; x_wconf 90' lang='lat' dir='ltr'><strong>ipsum</strong></span> <span class='ocrx_word' id='word_1_218' title='bbox 868 2965 1050 3040; x_wconf 86' lang='lat' dir='ltr'><strong>mancipium,</strong></span> <span class='ocrx_word' id='word_1_219' title='bbox 1074 2973 1101 3023; x_wconf 91' lang='lat' dir='ltr'><strong>et</strong></span> <span class='ocrx_word' id='word_1_220' title='bbox 1119 2967 1204 3025; x_wconf 88' lang='lat' dir='ltr'><strong>alium</strong></span> <span class='ocrx_word' id='word_1_221' title='bbox 1220 2966 1302 3024; x_wconf 90' lang='lat' dir='ltr'><strong>semi-</strong></span> 
     </span>
     <span class='ocr_line' id='line_1_27' title="bbox 240 3061 875 3138; baseline 0 -15"><span class='ocrx_word' id='word_1_222' title='bbox 240 3066 297 3123; x_wconf 91' lang='lat' dir='ltr'><strong>lem</strong></span> <span class='ocrx_word' id='word_1_223' title='bbox 317 3064 369 3120; x_wconf 89' lang='lat' dir='ltr'><strong>sub</strong></span> <span class='ocrx_word' id='word_1_224' title='bbox 390 3061 600 3122; x_wconf 86' lang='lat' dir='ltr'><strong>extimationem</strong></span> <span class='ocrx_word' id='word_1_225' title='bbox 620 3061 704 3138; x_wconf 87' lang='lat' dir='ltr'><strong>pretii</strong></span> <span class='ocrx_word' id='word_1_226' title='bbox 724 3070 875 3137; x_wconf 86' lang='lat' dir='ltr'><strong>conponat.</strong></span> 
     </span>
    </p>

    <p class='ocr_par' dir='ltr' id='par_1_7' title="bbox 240 3159 1303 3922">
     <span class='ocr_line' id='line_1_28' title="bbox 319 3159 1301 3237; baseline 0.001 -17"><span class='ocrx_word' id='word_1_227' title='bbox 319 3161 398 3220; x_wconf 86' lang='grc'><strong>661.</strong></span> <span class='ocrx_word' id='word_1_228' title='bbox 420 3159 472 3235; x_wconf 81' lang='lat' dir='ltr'><strong>(lle</strong></span> <span class='ocrx_word' id='word_1_229' title='bbox 485 3169 585 3220; x_wconf 83' lang='lat' dir='ltr'><strong>cortem</strong></span> <span class='ocrx_word' id='word_1_230' title='bbox 597 3159 694 3237; x_wconf 71' lang='lat' dir='ltr'><strong>repta.)</strong></span> <span class='ocrx_word' id='word_1_231' title='bbox 716 3160 745 3218; x_wconf 91' lang='lat' dir='ltr'><strong>Si</strong></span> <span class='ocrx_word' id='word_1_232' title='bbox 760 3160 917 3234; x_wconf 87' lang='lat' dir='ltr'><strong>mancipius</strong></span> <span class='ocrx_word' id='word_1_233' title='bbox 932 3161 1130 3236; x_wconf 84' lang='lat' dir='ltr'><strong>cujuscumque</strong></span> <span class='ocrx_word' id='word_1_234' title='bbox 1152 3161 1301 3221; x_wconf 81' lang='lat' dir='ltr'><strong>ineuntem</strong></span> 
     </span>
     <span class='ocr_line' id='line_1_29' title="bbox 241 3257 1303 3333; baseline 0.001 -16"><span class='ocrx_word' id='word_1_235' title='bbox 241 3259 315 3332; x_wconf 78' lang='lat' dir='ltr'><strong>regis</strong></span> <span class='ocrx_word' id='word_1_236' title='bbox 336 3257 474 3330; x_wconf 76' lang='lat' dir='ltr'><strong>refugium</strong></span> <span class='ocrx_word' id='word_1_237' title='bbox 496 3259 609 3326; x_wconf 87' lang='lat' dir='ltr'><strong>lecerit,</strong></span> <span class='ocrx_word' id='word_1_238' title='bbox 632 3266 660 3316; x_wconf 93' lang='lat' dir='ltr'><strong>et</strong></span> <span class='ocrx_word' id='word_1_239' title='bbox 681 3259 831 3330; x_wconf 80' lang='lat' dir='ltr'><strong>gastaldius</strong></span> <span class='ocrx_word' id='word_1_240' title='bbox 853 3266 900 3316; x_wconf 88' lang='lat' dir='ltr'><strong>aut</strong></span> <span class='ocrx_word' id='word_1_241' title='bbox 919 3266 997 3317; x_wconf 88' lang='lat' dir='ltr'><strong>actor</strong></span> <span class='ocrx_word' id='word_1_242' title='bbox 1016 3261 1090 3332; x_wconf 82' lang='lat' dir='ltr'><strong>regis</strong></span> <span class='ocrx_word' id='word_1_243' title='bbox 1111 3261 1203 3333; x_wconf 86' lang='lat' dir='ltr'><strong>ipsum</strong></span> <span class='ocrx_word' id='word_1_244' title='bbox 1223 3277 1303 3318; x_wconf 88' lang='lat' dir='ltr'><strong>man·</strong></span> 
     </span>
     <span class='ocr_line' id='line_1_30' title="bbox 241 3356 1302 3433; baseline -0.001 -16"><span class='ocrx_word' id='word_1_245' title='bbox 241 3356 345 3432; x_wconf 88' lang='lat' dir='ltr'><strong>cipium</strong></span> <span class='ocrx_word' id='word_1_246' title='bbox 366 3362 430 3430; x_wconf 87' lang='lat' dir='ltr'><strong>post</strong></span> <span class='ocrx_word' id='word_1_247' title='bbox 456 3357 607 3415; x_wconf 90' lang='lat' dir='ltr'><strong>secundam</strong></span> <span class='ocrx_word' id='word_1_248' title='bbox 625 3363 681 3433; x_wconf 32' lang='lat' dir='ltr'><strong>,aut</strong></span> <span class='ocrx_word' id='word_1_249' title='bbox 702 3356 812 3414; x_wconf 85' lang='lat' dir='ltr'><strong>tertiam</strong></span> <span class='ocrx_word' id='word_1_250' title='bbox 833 3358 1065 3415; x_wconf 85' lang='lat' dir='ltr'><strong>contestationem</strong></span> <span class='ocrx_word' id='word_1_251' title='bbox 1088 3359 1204 3416; x_wconf 88' lang='lat' dir='ltr'><strong>reddere</strong></span> <span class='ocrx_word' id='word_1_252' title='bbox 1233 3359 1302 3416; x_wconf 90' lang='lat' dir='ltr'><strong>dila-</strong></span> 
     </span>
     <span class='ocr_line' id='line_1_31' title="bbox 240 3453 1303 3530; baseline 0 -16"><span class='ocrx_word' id='word_1_253' title='bbox 240 3453 357 3523; x_wconf 85' lang='lat' dir='ltr'><strong>taverit;</strong></span> <span class='ocrx_word' id='word_1_254' title='bbox 383 3453 421 3512; x_wconf 84' lang='lat' dir='ltr'><strong>ita</strong></span> <span class='ocrx_word' id='word_1_255' title='bbox 439 3454 589 3528; x_wconf 88' lang='lat' dir='ltr'><strong>jobemus,</strong></span> <span class='ocrx_word' id='word_1_256' title='bbox 618 3461 649 3514; x_wconf 88' lang='lat' dir='ltr'><strong>ut</strong></span> <span class='ocrx_word' id='word_1_257' title='bbox 668 3454 767 3514; x_wconf 89' lang='lat' dir='ltr'><strong>reddat</strong></span> <span class='ocrx_word' id='word_1_258' title='bbox 787 3456 878 3530; x_wconf 90' lang='lat' dir='ltr'><strong>ipsum</strong></span> <span class='ocrx_word' id='word_1_259' title='bbox 899 3457 1084 3529; x_wconf 90' lang='lat' dir='ltr'><strong>mancipium,</strong></span> <span class='ocrx_word' id='word_1_260' title='bbox 1107 3464 1135 3516; x_wconf 88' lang='lat' dir='ltr'><strong>et</strong></span> <span class='ocrx_word' id='word_1_261' title='bbox 1154 3457 1239 3515; x_wconf 90' lang='lat' dir='ltr'><strong>alium</strong></span> <span class='ocrx_word' id='word_1_262' title='bbox 1259 3473 1303 3514; x_wconf 90' lang='lat' dir='ltr'><strong>se·</strong></span> 
     </span>
     <span class='ocr_line' id='line_1_32' title="bbox 240 3553 1301 3629; baseline 0 -17"><span class='ocrx_word' id='word_1_263' title='bbox 240 3553 337 3612; x_wconf 93' lang='lat' dir='ltr'><strong>milem</strong></span> <span class='ocrx_word' id='word_1_264' title='bbox 357 3553 393 3610; x_wconf 94' lang='lat' dir='ltr'><strong>de</strong></span> <span class='ocrx_word' id='word_1_265' title='bbox 413 3553 470 3611; x_wconf 91' lang='lat' dir='ltr'><strong>suis</strong></span> <span class='ocrx_word' id='word_1_266' title='bbox 490 3554 610 3629; x_wconf 91' lang='lat' dir='ltr'><strong>propriis</strong></span> <span class='ocrx_word' id='word_1_267' title='bbox 631 3555 714 3613; x_wconf 89' lang='lat' dir='ltr'><strong>rebus</strong></span> <span class='ocrx_word' id='word_1_268' title='bbox 734 3553 881 3624; x_wconf 87' lang='lat' dir='ltr'><strong>dominum</strong></span> <span class='ocrx_word' id='word_1_269' title='bbox 901 3571 985 3628; x_wconf 91' lang='lat' dir='ltr'><strong>quem</strong></span> <span class='ocrx_word' id='word_1_270' title='bbox 1006 3555 1163 3614; x_wconf 85' lang='lat' dir='ltr'><strong>dilataverit</strong></span> <span class='ocrx_word' id='word_1_271' title='bbox 1183 3556 1301 3615; x_wconf 89' lang='lat' dir='ltr'><strong>reddere</strong></span> 
     </span>
     <span class='ocr_line' id='line_1_33' title="bbox 241 3650 1302 3727; baseline -0.001 -15"><span class='ocrx_word' id='word_1_272' title='bbox 241 3659 364 3726; x_wconf 78' lang='lat' dir='ltr'><strong>cogatur.</strong></span> <span class='ocrx_word' id='word_1_273' title='bbox 405 3651 442 3708; x_wconf 87' lang='lat' dir='ltr'><strong>Et</strong></span> <span class='ocrx_word' id='word_1_274' title='bbox 467 3651 491 3708; x_wconf 86' lang='lat' dir='ltr'><strong>si</strong></span> <span class='ocrx_word' id='word_1_275' title='bbox 518 3651 565 3711; x_wconf 90' lang='lat' dir='ltr'><strong>ille</strong></span> <span class='ocrx_word' id='word_1_276' title='bbox 587 3650 698 3727; x_wconf 82' lang='lat' dir='ltr'><strong>quide</strong></span> <span class='ocrx_word' id='word_1_277' title='bbox 720 3658 826 3710; x_wconf 91' lang='lat' dir='ltr'><strong>curtem</strong></span> <span class='ocrx_word' id='word_1_278' title='bbox 845 3652 919 3724; x_wconf 78' lang='lat' dir='ltr'><strong>regis</strong></span> <span class='ocrx_word' id='word_1_279' title='bbox 940 3652 1031 3726; x_wconf 89' lang='lat' dir='ltr'><strong>ipsum</strong></span> <span class='ocrx_word' id='word_1_280' title='bbox 1060 3655 1089 3710; x_wconf 91' lang='lat' dir='ltr'><strong>in</strong></span> <span class='ocrx_word' id='word_1_281' title='bbox 1118 3654 1205 3726; x_wconf 77' lang='lat' dir='ltr'><strong>gratia</strong></span> <span class='ocrx_word' id='word_1_282' title='bbox 1226 3671 1302 3712; x_wconf 90' lang='lat' dir='ltr'><strong>rece-</strong></span> 
     </span>
     <span class='ocr_line' id='line_1_34' title="bbox 241 3745 1303 3828; baseline -0.003 -15"><span class='ocrx_word' id='word_1_283' title='bbox 241 3753 324 3828; x_wconf 91' lang='lat' dir='ltr'><strong>perit,</strong></span> <span class='ocrx_word' id='word_1_284' title='bbox 345 3758 441 3826; x_wconf 89' lang='lat' dir='ltr'><strong>postea</strong></span> <span class='ocrx_word' id='word_1_285' title='bbox 461 3767 513 3826; x_wconf 94' lang='lat' dir='ltr'><strong>pro</strong></span> <span class='ocrx_word' id='word_1_286' title='bbox 533 3750 593 3824; x_wconf 90' lang='lat' dir='ltr'><strong>ipsa</strong></span> <span class='ocrx_word' id='word_1_287' title='bbox 614 3745 695 3824; x_wconf 88' lang='lat' dir='ltr'><strong>culpa</strong></span> <span class='ocrx_word' id='word_1_288' title='bbox 715 3750 745 3807; x_wconf 91' lang='lat' dir='ltr'><strong>in</strong></span> <span class='ocrx_word' id='word_1_289' title='bbox 764 3768 828 3810; x_wconf 90' lang='lat' dir='ltr'><strong>eum</strong></span> <span class='ocrx_word' id='word_1_290' title='bbox 844 3751 994 3809; x_wconf 90' lang='lat' dir='ltr'><strong>vindictam</strong></span> <span class='ocrx_word' id='word_1_291' title='bbox 1015 3752 1135 3824; x_wconf 88' lang='lat' dir='ltr'><strong>dederit,</strong></span> <span class='ocrx_word' id='word_1_292' title='bbox 1160 3758 1303 3826; x_wconf 89' lang='lat' dir='ltr'><strong>conponat</strong></span> 
     </span>
     <span class='ocr_line' id='line_1_35' title="bbox 241 3849 1257 3922; baseline -0.006 -11"><span class='ocrx_word' id='word_1_293' title='bbox 241 3853 271 3912; x_wconf 95' lang='lat' dir='ltr'><strong>in</strong></span> <span class='ocrx_word' id='word_1_294' title='bbox 292 3857 398 3909; x_wconf 89' lang='lat' dir='ltr'><strong>curtem</strong></span> <span class='ocrx_word' id='word_1_295' title='bbox 418 3849 492 3922; x_wconf 79' lang='lat' dir='ltr'><strong>repis</strong></span> <span class='ocrx_word' id='word_1_296' title='bbox 512 3849 587 3907; x_wconf 88' lang='lat' dir='ltr'><strong>unde</strong></span> <span class='ocrx_word' id='word_1_297' title='bbox 608 3866 673 3907; x_wconf 90' lang='lat' dir='ltr'><strong>eum</strong></span> <span class='ocrx_word' id='word_1_298' title='bbox 693 3849 756 3906; x_wconf 91' lang='lat' dir='ltr'><strong>tolit</strong></span> <span class='ocrx_word' id='word_1_299' title='bbox 775 3849 880 3907; x_wconf 90' lang='lat' dir='ltr'><strong>solidos</strong></span> <span class='ocrx_word' id='word_1_300' title='bbox 900 3867 946 3907; x_wconf 84' lang='grc' dir='ltr'><strong>ιι.</strong></span> <span class='ocrx_word' id='word_1_301' title='bbox 1255 3911 1257 3916; x_wconf 59' lang='grc'>,</span> 
     </span>
    </p>

    <p class='ocr_par' dir='ltr' id='par_1_8' title="bbox 242 3933 1303 4520">
     <span class='ocr_line' id='line_1_36' title="bbox 321 3933 1303 4025; baseline -0.002 -18"><span class='ocrx_word' id='word_1_302' title='bbox 321 3949 405 4009; x_wconf 80' lang='grc'><strong>666.</strong></span> <span class='ocrx_word' id='word_1_303' title='bbox 427 3945 479 4025; x_wconf 85' lang='lat' dir='ltr'><strong>(De</strong></span> <span class='ocrx_word' id='word_1_304' title='bbox 499 3945 629 4023; x_wconf 66' lang='lat' dir='ltr'><strong>creneio.)</strong></span> <span class='ocrx_word' id='word_1_305' title='bbox 659 3947 688 4005; x_wconf 90' lang='lat' dir='ltr'><strong>Si</strong></span> <span class='ocrx_word' id='word_1_306' title='bbox 710 3947 739 4004; x_wconf 89' lang='lat' dir='ltr'><strong>in</strong></span> <span class='ocrx_word' id='word_1_307' title='bbox 761 3933 878 4005; x_wconf 82' lang='lat' dir='ltr'><strong>eeclesia</strong></span> <span class='ocrx_word' id='word_1_308' title='bbox 898 3953 946 4006; x_wconf 90' lang='lat' dir='ltr'><strong>aut</strong></span> <span class='ocrx_word' id='word_1_309' title='bbox 965 3948 994 4005; x_wconf 95' lang='lat' dir='ltr'><strong>in</strong></span> <span class='ocrx_word' id='word_1_310' title='bbox 1017 3949 1130 4007; x_wconf 89' lang='lat' dir='ltr'><strong>domum</strong></span> <span class='ocrx_word' id='word_1_311' title='bbox 1151 3948 1303 4008; x_wconf 86' lang='lat' dir='ltr'><strong>sacerdotis</strong></span> 
     </span>
     <span class='ocr_line' id='line_1_37' title="bbox 242 4045 1303 4124; baseline -0.007 -13"><span class='ocrx_word' id='word_1_312' title='bbox 242 4049 413 4124; x_wconf 86' lang='lat' dir='ltr'><strong>mancipium</strong></span> <span class='ocrx_word' id='word_1_313' title='bbox 433 4047 632 4121; x_wconf 74' lang='lat' dir='ltr'><strong>cuiuscumque</strong></span> <span class='ocrx_word' id='word_1_314' title='bbox 653 4045 816 4118; x_wconf 78' lang='lat' dir='ltr'><strong>coniugium</strong></span> <span class='ocrx_word' id='word_1_315' title='bbox 837 4045 950 4114; x_wconf 88' lang='lat' dir='ltr'><strong>iecerit,</strong></span> <span class='ocrx_word' id='word_1_316' title='bbox 974 4054 1001 4104; x_wconf 90' lang='lat' dir='ltr'><strong>et</strong></span> <span class='ocrx_word' id='word_1_317' title='bbox 1027 4048 1173 4124; x_wconf 80' lang='lat' dir='ltr'><strong>episcopus</strong></span> <span class='ocrx_word' id='word_1_318' title='bbox 1193 4053 1240 4106; x_wconf 89' lang='lat' dir='ltr'><strong>aut</strong></span> <span class='ocrx_word' id='word_1_319' title='bbox 1260 4063 1303 4104; x_wconf 83' lang='lat' dir='ltr'><strong>sa·</strong></span> 
     </span>
     <span class='ocr_line' id='line_1_38' title="bbox 243 4142 1303 4221; baseline -0.007 -13"><span class='ocrx_word' id='word_1_320' title='bbox 243 4150 342 4208; x_wconf 88' lang='lat' dir='ltr'><strong>cerdos</strong></span> <span class='ocrx_word' id='word_1_321' title='bbox 364 4147 412 4221; x_wconf 90' lang='lat' dir='ltr'><strong>qui</strong></span> <span class='ocrx_word' id='word_1_322' title='bbox 432 4145 461 4204; x_wconf 92' lang='lat' dir='ltr'><strong>in</strong></span> <span class='ocrx_word' id='word_1_323' title='bbox 483 4146 546 4202; x_wconf 89' lang='lat' dir='ltr'><strong>loco</strong></span> <span class='ocrx_word' id='word_1_324' title='bbox 566 4142 710 4200; x_wconf 85' lang='lat' dir='ltr'><strong>ordinatus</strong></span> <span class='ocrx_word' id='word_1_325' title='bbox 730 4149 772 4200; x_wconf 92' lang='lat' dir='ltr'><strong>est</strong></span> <span class='ocrx_word' id='word_1_326' title='bbox 793 4160 857 4201; x_wconf 90' lang='lat' dir='ltr'><strong>eum</strong></span> <span class='ocrx_word' id='word_1_327' title='bbox 870 4145 989 4202; x_wconf 89' lang='lat' dir='ltr'><strong>reddere</strong></span> <span class='ocrx_word' id='word_1_328' title='bbox 1007 4145 1037 4202; x_wconf 87' lang='lat' dir='ltr'><strong>in</strong></span> <span class='ocrx_word' id='word_1_329' title='bbox 1059 4145 1146 4216; x_wconf 76' lang='lat' dir='ltr'><strong>gratia</strong></span> <span class='ocrx_word' id='word_1_330' title='bbox 1168 4151 1229 4220; x_wconf 89' lang='lat' dir='ltr'><strong>post</strong></span> <span class='ocrx_word' id='word_1_331' title='bbox 1249 4151 1303 4202; x_wconf 91' lang='lat' dir='ltr'><strong>ter·</strong></span> 
     </span>
     <span class='ocr_line' id='line_1_39' title="bbox 243 4245 1301 4318; baseline -0.005 -12"><span class='ocrx_word' id='word_1_332' title='bbox 243 4247 310 4306; x_wconf 90' lang='lat' dir='ltr'><strong>tiam</strong></span> <span class='ocrx_word' id='word_1_333' title='bbox 329 4247 561 4306; x_wconf 90' lang='lat' dir='ltr'><strong>contestationem</strong></span> <span class='ocrx_word' id='word_1_334' title='bbox 582 4245 747 4318; x_wconf 84' lang='lat' dir='ltr'><strong>dilataverit,</strong></span> <span class='ocrx_word' id='word_1_335' title='bbox 770 4246 809 4302; x_wconf 89' lang='lat' dir='ltr'><strong>ita</strong></span> <span class='ocrx_word' id='word_1_336' title='bbox 829 4246 1021 4318; x_wconf 89' lang='lat' dir='ltr'><strong>decernimus,</strong></span> <span class='ocrx_word' id='word_1_337' title='bbox 1044 4252 1074 4305; x_wconf 95' lang='lat' dir='ltr'><strong>ut</strong></span> <span class='ocrx_word' id='word_1_338' title='bbox 1093 4247 1191 4304; x_wconf 87' lang='lat' dir='ltr'><strong>reddat</strong></span> <span class='ocrx_word' id='word_1_339' title='bbox 1210 4245 1301 4318; x_wconf 91' lang='lat' dir='ltr'><strong>ipsum</strong></span> 
     </span>
     <span class='ocr_line' id='line_1_40' title="bbox 243 4346 1301 4424; baseline -0.008 -17"><span class='ocrx_word' id='word_1_340' title='bbox 243 4348 433 4424; x_wconf 88' lang='lat' dir='ltr'><strong>mancipium,</strong></span> <span class='ocrx_word' id='word_1_341' title='bbox 462 4355 490 4407; x_wconf 90' lang='lat' dir='ltr'><strong>et</strong></span> <span class='ocrx_word' id='word_1_342' title='bbox 510 4349 595 4409; x_wconf 91' lang='lat' dir='ltr'><strong>alium</strong></span> <span class='ocrx_word' id='word_1_343' title='bbox 614 4346 741 4406; x_wconf 88' lang='lat' dir='ltr'><strong>semilem</strong></span> <span class='ocrx_word' id='word_1_344' title='bbox 762 4347 797 4405; x_wconf 92' lang='lat' dir='ltr'><strong>de</strong></span> <span class='ocrx_word' id='word_1_345' title='bbox 818 4346 875 4403; x_wconf 90' lang='lat' dir='ltr'><strong>suis</strong></span> <span class='ocrx_word' id='word_1_346' title='bbox 896 4346 1016 4421; x_wconf 91' lang='lat' dir='ltr'><strong>propriis</strong></span> <span class='ocrx_word' id='word_1_347' title='bbox 1036 4346 1135 4411; x_wconf 86' lang='lat' dir='ltr'><strong>rebus,</strong></span> <span class='ocrx_word' id='word_1_348' title='bbox 1158 4350 1301 4416; x_wconf 87' lang='lat' dir='ltr'><strong>utsupra.</strong></span> 
     </span>
     <span class='ocr_line' id='line_1_41' title="bbox 243 4442 1302 4520; baseline -0.006 -14"><span class='ocrx_word' id='word_1_349' title='bbox 243 4449 280 4508; x_wconf 86' lang='lat' dir='ltr'><strong>Et</strong></span> <span class='ocrx_word' id='word_1_350' title='bbox 300 4445 324 4506; x_wconf 91' lang='lat' dir='ltr'><strong>si</strong></span> <span class='ocrx_word' id='word_1_351' title='bbox 344 4447 375 4505; x_wconf 90' lang='lat' dir='ltr'><strong>io</strong></span> <span class='ocrx_word' id='word_1_352' title='bbox 396 4447 513 4520; x_wconf 78' lang='lat' dir='ltr'><strong>gratiam</strong></span> <span class='ocrx_word' id='word_1_353' title='bbox 531 4447 656 4506; x_wconf 85' lang='lat' dir='ltr'><strong>redditus</strong></span> <span class='ocrx_word' id='word_1_354' title='bbox 676 4446 774 4514; x_wconf 85' lang='lat' dir='ltr'><strong>luerit,</strong></span> <span class='ocrx_word' id='word_1_355' title='bbox 806 4451 975 4520; x_wconf 87' lang='lat' dir='ltr'><strong>posteaquae</strong></span> <span class='ocrx_word' id='word_1_356' title='bbox 1003 4445 1133 4503; x_wconf 90' lang='lat' dir='ltr'><strong>dominus</strong></span> <span class='ocrx_word' id='word_1_357' title='bbox 1160 4443 1190 4500; x_wconf 92' lang='lat' dir='ltr'><strong>in</strong></span> <span class='ocrx_word' id='word_1_358' title='bbox 1210 4442 1302 4515; x_wconf 89' lang='lat' dir='ltr'><strong>ipsum</strong></span> 
     </span>
    </p>
   </div>
   <div class='ocr_carea' id='block_1_3' title="bbox 0 0 1536 5130">
    <p class='ocr_par' dir='ltr' id='par_1_9' title="bbox 0 0 1536 5130">
     <span class='ocr_line' id='line_1_42' title="bbox 0 0 1536 5130; baseline 0 0"><span class='ocrx_word' id='word_1_359' title='bbox 0 0 1536 5130; x_wconf 95' lang='lat' dir='ltr'><strong> </strong></span> 
     </span>
    </p>
   </div>
  </div>
 </body>
</html>
