3048 5130
589 433 728 478 novorum
751 433 817 483 car.
834 432 949 477 as—aa
1243 421 1287 484 6⁷

307 577 358 655 (ll.
380 579 421 637 lle
440 581 635 659 lomtctdiom.)
657 587 722 644 80.
745 584 776 642 Si
797 585 859 660 quis
880 587 953 645 liber
963 589 1059 661 homo,
1083 607 1112 647 se
1130 591 1284 648 defenden-

228 677 313 747 dum,
335 679 455 737 liberum
475 681 618 738 hominem
640 682 789 754 occiderit,
820 683 870 741 etsi
891 694 1035 758 provatum
1056 683 1139 745 fuerit
1159 689 1233 762 quod
1255 705 1285 746 se

227 775 432 834 defendendum
453 779 543 851 ipsum
564 780 707 838 hominem
728 782 879 852 ocoisessit,
902 785 942 841 sic
962 802 1026 842 eum
1039 793 1191 859 conponat,
1215 787 1286 844 sicut

227 875 255 930 in
266 875 403 932 anteriore
413 877 513 934 Edicto
523 880 658 946 contenit,
682 881 758 954 quod
776 882 914 954 gloriosae
931 873 1084 941 memoriae
1093 885 1221 942 llornam
1236 902 1285 942 rex
1358 957 1360 964 Ι

226 972 315 1030 facere
336 976 409 1031 visus
430 983 480 1032 est.
523 977 593 1034 Nam
614 977 662 1052 qui
682 993 766 1052 snper
785 979 870 1037 alium
892 982 1088 1052 ambulaverit,
1112 989 1140 1038 et
1160 982 1200 1038 sic
1220 998 1284 1038 eum

227 1087 276 1143 pro
298 1089 473 1146 quacumque
495 1091 577 1132 causa
598 1071 740 1146 occiserit,
763 1095 877 1135 omnem
898 1079 1081 1150 substantiam
1107 1095 1184 1136 suam
1205 1080 1286 1136 amit-

226 1174 274 1238 tat,
297 1177 325 1226 et
345 1171 466 1228 habeant
485 1172 597 1229 heredis
617 1173 704 1246 ipsius
726 1175 774 1247 qui
796 1176 905 1241 occisus
925 1177 1023 1233 luerit:
1046 1177 1074 1233 in
1096 1176 1151 1234 hoo
1172 1177 1283 1247 ordine,

225 1266 261 1324 ita
283 1285 349 1324 sane
371 1275 400 1326 ut
421 1269 443 1326 si
464 1269 556 1327 minus
577 1270 660 1328 fuerit
680 1271 740 1345 ipsa
761 1274 914 1331 substantia
935 1273 1108 1340 homicidae,
1132 1290 1215 1348 quam
1236 1291 1286 1331 an·

226 1365 311 1421 terior
331 1366 489 1440 conpositio
510 1375 585 1438 erat,
609 1374 656 1424 aut
679 1369 733 1426 nisi
755 1377 882 1437 tantum,
906 1380 972 1430 tunc
993 1380 1021 1430 et
1040 1387 1083 1429 res
1104 1388 1167 1430 suas
1187 1374 1286 1446 perdat

224 1462 284 1535 ipse
304 1461 455 1534 homicida,
479 1471 506 1522 et
527 1482 645 1538 persona
667 1467 726 1539 ejus
746 1469 871 1524 hadatur
891 1471 926 1526 ad
949 1471 1123 1543 propinquos
1144 1471 1283 1536 defunctis

225 1578 288 1618 nam
310 1561 332 1618 si
354 1563 471 1636 amplius
493 1563 620 1620 hahuerit
650 1564 710 1637 ipse
741 1564 882 1623 homicida
915 1568 1087 1638 substantia,
1119 1586 1202 1643 quam
1224 1570 1284 1643 ipsa

223 1661 381 1734 conpositio
408 1661 531 1717 anterior
561 1666 635 1731 crat,
668 1661 776 1719 amittat
797 1678 894 1719 omncs
915 1679 959 1720 res
986 1681 1066 1735 snas,
1099 1673 1127 1722 et
1146 1666 1285 1740 accipiant

224 1760 334 1815 heredis
354 1759 440 1832 ipsius
460 1759 508 1832 qui
529 1759 637 1816 occisus
659 1758 790 1817 fueritin
811 1767 892 1818 antea
914 1767 1038 1830 tantum,
1061 1770 1195 1834 quantum
1217 1779 1285 1820 oon-

224 1857 324 1930 positio
345 1857 457 1930 antiqua
479 1857 540 1923 fuit,
562 1865 590 1914 et
611 1859 687 1931 quod
709 1857 875 1932 superfuerit
899 1857 1076 1918 medietatem
1099 1860 1201 1918 haheat
1222 1877 1285 1918 our

223 1955 256 2010 tis
276 1955 371 2026 regia,
402 1962 430 2012 et
459 1955 637 2013 medietatem
663 1955 775 2013 heredis
803 1956 947 2014 defuncti:
977 1964 1006 2014 et
1032 1957 1093 2030 ipse
1113 1958 1282 2015 homicidam

221 2053 343 2110 animam
363 2070 441 2110 suam
461 2051 564 2111 liherit.

301 2185 381 2262 (Ill)
404 2189 462 2244 81.
504 2186 535 2243 Si
556 2203 650 2243 servus
671 2203 734 2243 cum
755 2188 926 2244 volontatem
946 2185 1054 2244 domini
1076 2187 1117 2243 sui
1138 2185 1282 2245 hominem

220 2284 340 2342 liberum
362 2284 507 2353 occiserit,
531 2292 558 2340 et
578 2290 722 2356 provatum
744 2283 841 2348 fuerit,
866 2291 931 2341 tunc
952 2284 1011 2357 ipse
1033 2285 1163 2342 dominus
1185 2302 1282 2343 omnes

220 2399 264 2440 res
285 2399 347 2440 suas
367 2384 490 2451 amittat,
521 2381 550 2438 in
577 2399 611 2437 eo
633 2381 733 2438 ordine
753 2381 825 2438 siout
845 2397 927 2454 supra
949 2382 1090 2439 adnexum
1110 2390 1159 2444 cst
1202 2385 1238 2440 Et
1258 2383 1281 2441 si

219 2479 350 2537 dominus
378 2480 436 2554 eJ'us
458 2479 600 2549 negaverit
621 2478 696 2551 quod
725 2494 775 2550 per
804 2478 891 2552 ipsius
913 2478 1061 2536 consilium
1091 2480 1193 2538 factum
1223 2499 1281 2538 non

221 2577 325 2648 fuissit,
357 2578 485 2652 purificet
505 2593 534 2633 se
554 2577 590 2634 ad
612 2577 703 2648 legem
722 2577 793 2646 Dei,
816 2584 844 2633 et
865 2584 1008 2651 conponat
1029 2577 1119 2650 ipsum
1140 2586 1281 2637 mortuum

219 2675 289 2733 siout
308 2682 389 2734 antea
410 2675 461 2733 fuit
481 2673 667 2744 consuitudo‚
699 2681 727 2731 et
747 2674 862 2748 insuper
886 2673 978 2748 ipsum
999 2691 1110 2732 servum
1139 2677 1228 2734 tradat
1249 2677 1278 2733 in

219 2790 332 2831 manum
353 2772 514 2848 parentibus
535 2771 670 2829 defuncti.

251 2941 254 2952 '
298 2931 394 3009 (llll.)
415 2935 475 2990 88.
493 2932 522 2990 Si
539 2932 639 2989 mulier
656 2947 700 2989 res
716 2947 779 2988 suas
792 2932 985 2988 consentiente
1004 2933 1063 2989 viro
1075 2949 1125 2991 suo
1143 2940 1190 2990 aut
1204 2949 1281 2991 com·

218 3033 340 3089 maniter
360 3032 513 3089 venundari
534 3031 669 3101 volucrit,
698 3030 757 3101 ipse
785 3030 833 3103 qui
861 3032 1053 3101 emerserit,
1081 3032 1127 3088 vel
1158 3030 1199 3088 illi
1230 3031 1279 3104 qui

219 3130 352 3200 vindunt,
383 3129 485 3187 faciant
505 3129 640 3186 noditiam
668 3128 703 3185 ad
725 3129 795 3186 duos
815 3129 857 3185 vel
886 3135 941 3184 tres
963 3139 1092 3201 parentes
1113 3128 1199 3202 ipsius
1220 3144 1277 3184 rnu-

218 3229 307 3299 lieris,
330 3228 376 3303 qui
398 3228 614 3303 propinquiores
635 3233 710 3285 sunt.
736 3226 769 3283 m
790 3226 812 3283 si
834 3227 863 3284 in
882 3227 1022 3299 presentia
1044 3226 1079 3282 de
1095 3225 1162 3299 ipsis
1177 3241 1276 3299 paren·
1383 3235 1385 3239 '

218 3327 291 3384 tihns
320 3327 377 3384 suis
404 3325 504 3383 molier
532 3326 579 3384 illa
610 3324 757 3382 violentias
785 3323 894 3397 aliquas
923 3341 952 3381 se
978 3323 1078 3380 dixerit
1106 3324 1182 3397 pati,
1218 3339 1276 3381 non

218 3425 253 3482 sit
273 3425 400 3482 stabilem
428 3425 505 3497 qood
536 3423 709 3488 vindederit3
739 3437 802 3478 nam
835 3421 857 3479 si
882 3421 911 3478 in
942 3421 1082 3494 presentia
1111 3425 1279 3494 parentuum

217 3539 329 3580 suorum
351 3523 391 3579 vel
410 3521 497 3595 judici
519 3521 567 3595 qui
588 3521 618 3578 in
638 3521 702 3576 loco
721 3519 806 3576 luerit
822 3506 967 3575 violentias
987 3533 1018 3574 se
1040 3519 1095 3592 patl
1117 3537 1174 3577 non
1191 3520 1284 3577 reela-¹

217 3621 349 3692 moverit,
379 3619 433 3676 nisi
454 3620 595 3677 volontate
616 3635 664 3676 sua
685 3617 760 3692 ipsas
780 3633 825 3674 res
845 3631 875 3673 se
896 3616 998 3674 dixerit
1017 3617 1188 3683 venunthre,
1212 3625 1278 3674 tunc

217 3722 252 3778 ah
273 3721 323 3777 illo
344 3719 406 3776 diae
428 3717 503 3776 omni
526 3725 651 3791 tempore
680 3715 755 3788 qnod
777 3714 935 3772 vindederit
961 3715 1060 3772 stabile
1088 3717 1186 3772 deveat
1215 3730 1278 3788 per-

217 3834 348 3877 manere:
381 3817 419 3874 ita
445 3823 538 3873 tamen
570 3822 600 3872 ut
627 3813 680 3887 ipsi
703 3821 831 3887 parentes
852 3813 899 3886 qni
920 3813 1106 3870 interfuerent
1125 3820 1172 3870 aut
1190 3813 1277 3886 ludex

216 3916 245 3973 in
268 3916 371 3973 cartola
392 3915 451 3988 ipsa
471 3930 586 3970 manum
612 3919 739 3986 ponant;
770 3919 798 3968 et
827 3911 851 3968 si
882 3913 1038 3983 contegerit
1066 3925 1144 3967 casus
1172 3916 1203 3966 ut
1229 3909 1277 3968 ille

216 4014 330 4071 maritus
351 4013 502 4078 moriatur,
537 4018 565 4068 et
590 4004 625 4068 ad
646 4010 731 4068 alium
753 4010 951 4080 ambulaverit,
983 4007 1088 4066 stabilis
1115 4013 1278 4080 permaneat

217 4111 276 4185 ipsa
297 4111 422 4169 vinditio.
445 4109 539 4167 Soriva
558 4100 651 4167 autem
672 4108 720 4182 qui
742 4109 845 4165 cartola
866 4107 926 4180 ipsa
944 4103 1093 4179 scripserit,
1117 4121 1174 4162 non
1196 4105 1278 4163 aliter

217 4215 356 4284 presumat
384 4208 502 4265 scrivere
533 4206 586 4263 nisi
615 4222 678 4264 cum
708 4205 805 4262 notitia
827 4211 974 4279 parentum
995 4204 1037 4260 vel
1057 4202 1176 4276 judicis,
1205 4203 1278 4260 sient

214 4324 296 4381 supra
318 4307 421 4364 dictum
443 4312 498 4362 est:
522 4311 549 4360 et
569 4304 604 4360 sit
624 4305 704 4361 aliter
724 4303 831 4373 fecerit,
854 4303 890 4359 sit
909 4303 968 4376 ipsa
989 4299 1108 4359 vinditio
1129 4319 1225 4374 vacua,
1248 4307 1278 4360 et

215 4405 337 4480 prefatas
357 4402 445 4461 scriva
466 4403 500 4460 sit
520 4401 669 4475 culpavelis
690 4402 761 4459 sicat
782 4401 829 4476 qui
851 4401 955 4458 cartula
976 4399 1166 4532 falsawscrivit.

1013 4497 1032 4554 5
