3048 5130
243 506 286 570 38
640 525 795 573 nonnanis
818 526 908 572 naurs

242 674 367 734 tauverit
385 673 493 744 iacere,
522 672 558 732 sit
577 675 727 748 culparetis
756 675 785 732 in
813 675 915 750 palatio
945 677 1019 748 regia
1046 677 1150 736 solidos
1180 693 1236 735 xnr
1259 683 1297 750 et,

239 773 344 848 justitia
365 773 448 841 taeta,
470 771 571 844 pignus
591 772 760 858 restituatur.

322 870 410 928 m.
452 869 532 939 Nulli
548 869 630 927 leoiat
650 886 700 942 pro
723 871 844 943 qualevit
864 871 987 930 devitum
1014 887 1076 928 oasa
1098 872 1226 929 ordinata
1252 871 1301 929 tri-

243 967 351 1025 butaria
372 969 465 1024 iocum
485 967 609 1040 pigneris
631 969 746 1038 tollere,
770 969 823 1026 nisi
845 986 949 1039 servus,
973 969 1099 1040 ancillas,
1123 987 1228 1038 vaccas,
1252 987 1300 1043 pe·

244 1082 338 1132 ooros;
360 1065 398 1122 ita
419 1072 450 1123 ut
470 1065 561 1138 ipsum
579 1065 680 1138 pignus
702 1067 777 1140 quod
799 1066 892 1124 tolerit
913 1083 963 1140 per
982 1084 1059 1125 suam
1074 1068 1228 1125 custodiam
1248 1069 1301 1124 sal·

243 1180 308 1222 num
329 1163 412 1220 iaciat
432 1180 520 1236 usque
548 1165 583 1220 ad
606 1163 766 1236 prefinitum
786 1171 912 1237 tempus,
946 1165 1017 1222 siout
1042 1173 1137 1238 supter
1161 1166 1301 1222 adnexum

243 1267 303 1320 est:
334 1261 364 1318 id
393 1268 434 1319 ost
459 1261 533 1318 inter
559 1277 606 1318 eas
634 1277 768 1333 personas
790 1261 837 1335 qui
858 1262 930 1319 intra
951 1269 1062 1320 neutum
1083 1263 1159 1320 mitia
1180 1262 1252 1318 iutra
1273 1279 1302 1320 se

245 1359 381 1425 habitant,
406 1359 465 1415 dies
486 1356 611 1430 vigenti3
634 1363 663 1416 et
682 1358 705 1416 si
726 1359 798 1415 inira
815 1359 881 1416 istos
899 1359 958 1417 dies
977 1377 1015 1417 ιι
1036 1360 1097 1433 quis
1118 1360 1165 1417 iile
1186 1360 1302 1432 pignum

244 1473 335 1527 auum,
355 1448 491 1529 justitiam
511 1456 616 1514 iaciens
638 1461 665 1514 et
686 1456 806 1513 devitum
827 1457 968 1528 reddens,
999 1475 1055 1515 nou
1078 1458 1258 1527 liberaverit,
1275 1464 1303 1516 et

242 1562 305 1628 post
331 1562 482 1613 transactos
510 1571 547 1611 ιι
574 1554 633 1611 dies
664 1554 821 1626 contegerit
852 1573 885 1612 ex
906 1555 997 1628 ipsum
1026 1556 1126 1628 pignus
1147 1555 1302 1628 mancipius

242 1660 289 1711 aut
309 1652 428 1726 quolivit
447 1652 582 1725 pioutium
602 1653 685 1722 mori,
708 1658 755 1710 aut
774 1652 958 1710 humioidium
980 1660 1027 1710 aut
1047 1654 1180 1711 damnum
1200 1653 1301 1721 tacere,

242 1757 290 1808 aut
309 1749 373 1807 alivi
395 1755 617 1821 transmegrare,
650 1755 715 1807 tuno
741 1749 848 1806 devitor
873 1751 901 1806 in
933 1767 1011 1808 suum
1033 1751 1165 1808 damnum
1186 1750 1299 1823 repotit,

242 1847 291 1921 qui
320 1847 438 1922 pignora
466 1864 515 1904 sua
544 1847 664 1906 liberare
694 1847 833 1918 neglexit:
866 1865 930 1906 nam
956 1848 978 1904 si
1006 1847 1077 1906 inira
1099 1849 1166 1906 istos
1187 1865 1223 1904 ιι
1244 1847 1304 1904 dies

243 1962 337 2004 servus
359 1951 406 2003 aut
427 1944 529 2002 aneilla
549 1945 651 2002 mortui
673 1943 766 2014 inerit,
788 1951 836 2001 aut
851 1944 985 2018 picuiium
1005 1947 1127 2018 perierit,
1151 1951 1198 2002 aut
1213 1945 1304 2002 humi-

243 2043 346 2102 oidium
362 2048 409 2100 aut
426 2044 559 2100 damnum
573 2041 678 2112 iecerit,
695 2042 754 2114 ipse
769 2041 817 2114 qui
834 2041 1021 2114 pigneraverit
1035 2044 1063 2099 iu
1079 2060 1159 2100 suum
1170 2042 1304 2099 damnum

242 2141 357 2215 repotit,
381 2147 409 2198 ot
428 2139 543 2213 proprio
564 2139 679 2196 domino
701 2140 859 2198 satistaoiat.
891 2141 967 2196 Etsi
991 2157 1075 2214 super
1095 2146 1206 2198 centum
1228 2139 1304 2197 milia

183 2311 187 2316 Ι
242 2240 316 2296 inter
335 2255 365 2294 se
386 2237 508 2295 creditor
533 2243 561 2294 et
591 2237 700 2295 devitor
727 2238 908 2309 habitaverit,
937 2246 1003 2296 tuno
1031 2255 1174 2311 usquam
1196 2239 1303 2296 dierum

243 2337 331 2412 spatia
352 2351 424 2409 pena
445 2335 630 2408 suprascripta
651 2337 832 2394 custodiatur.

322 2433 410 2491 853.
432 2433 488 2509 (Do
507 2434 612 2506 sortis.)
652 2433 683 2490 Si
703 2433 775 2492 liber
796 2435 882 2490 homo
905 2434 1006 2491 turtum
1029 2433 1138 2504 iecerit,
1164 2431 1241 2489 etin
1263 2431 1304 2504 ip·

243 2549 304 2590 sum
325 2533 429 2589 turtum
449 2537 569 2605 temptns
582 2526 682 2596 tuerit,
706 2531 830 2602 tegangit
850 2531 893 2590 sit
925 2532 956 2589 Si
977 2548 1065 2605 usque
1086 2532 1121 2588 ad
1143 2531 1240 2588 docem
1261 2546 1304 2586 se·

243 2631 334 2703 liques
355 2629 458 2686 furtum
480 2627 593 2698 iecerit,
623 2628 675 2686 sibi
699 2645 805 2685 nonum
825 2629 941 2700 reddat,
970 2635 998 2686 et
1018 2636 1161 2702 conponat
1184 2643 1236 2701 pro
1257 2626 1303 2684 tali

244 2729 326 2801 culpa
347 2727 452 2785 solidos
473 2742 565 2796 ιιιι,
589 2732 637 2782 aut
656 2725 749 2784 anime
770 2743 835 2784 suae
857 2726 979 2784 incurrat
999 2727 1162 2801 periculum.

326 2825 414 2882 854.
457 2823 486 2881 Si
514 2839 613 2881 servus.
629 2822 731 2881 turtum
753 2823 849 2880 iecerit
870 2830 898 2880 et
918 2830 1009 2882 tentus
1037 2823 1072 2898 in¹
1092 2824 1183 2897 ipsum
1204 2824 1306 2879 turtum

244 2922 329 2980 tuerit
349 2938 438 2994 usque
459 2921 495 2978 ad
516 2921 613 2978 decem
634 2920 774 2994 seliquas,
801 2915 854 2977 sibi
876 2938 983 2978 nonum
1010 2921 1159 2992 reddatur,
1190 2925 1306 2992 excepto

245 3025 388 3094 conponat
407 3035 458 3092 pro
480 3019 561 3090 culpa
582 3017 689 3075 solidos
706 3035 752 3084 xa,
776 3025 823 3076 aut
840 3019 990 3078 occidatur.

324 3116 414 3178 255.
457 3116 486 3172 si
510 3116 572 3189 quis
593 3133 644 3189 per
664 3116 853 3190 proditorem,
886 3117 916 3174 id
943 3124 985 3174 est
1005 3132 1055 3189 per
1075 3123 1181 3173 eertum
1202 3115 1307 3172 indica-

245 3223 345 3286 torem,
370 3214 472 3272 turtum
489 3213 636 3284 invenerit,
660 3214 713 3272 sibi
732 3231 838 3272 nonum
859 3213 907 3287 qui
927 3214 1030 3270 furtum
1045 3213 1110 3270 iecit
1130 3213 1155 3270 ei
1174 3212 1305 3270 restituat.

326 3315 417 3370 256.
460 3312 489 3368 Si
511 3303 604 3369 servus
625 3313 691 3369 dum
712 3313 741 3368 in
763 3312 827 3384 iuga
857 3320 898 3368 est
919 3311 1021 3368 turtum
1048 3319 1095 3369 aut
1115 3312 1247 3367 damnum
1268 3310 1308 3366 ie-

246 3411 332 3477 cerit,
354 3411 431 3467 etin
453 3411 512 3483 ipsa
533 3409 597 3482 fuga
619 3410 685 3467 ioris
706 3409 849 3483 provincia
872 3409 1033 3480 migraverit
1053 3416 1080 3465 et
1101 3413 1157 3464 nori
1181 3408 1304 3478 redierit,

248 3517 315 3568 tuno
335 3508 465 3565 dominus
486 3509 556 3565 servi
578 3509 756 3566 medietatem
777 3524 827 3580 pro
849 3507 937 3580 ipsam
958 3525 1016 3563 rem
1038 3523 1121 3580 quam
1143 3506 1241 3561 iuravit
1260 3510 1308 3562 aut

248 3610 382 3665 damnum
403 3606 426 3662 si
447 3606 543 3662 tenerit
564 3607 698 3666 restituat.
720 3606 789 3674 Nam
810 3605 832 3661 si
848 3621 986 3661 reeressus
1000 3604 1082 3660 inerit
1098 3605 1126 3660 in
1143 3608 1306 3676 potestatem

248 3705 354 3763 domini
377 3705 431 3775 sui,
454 3710 521 3760 tuno
541 3705 575 3761 de
597 3712 732 3778 quantum
752 3703 825 3772 tulit,
849 3709 932 3775 eaput
951 3709 1073 3771 tautum,
1097 3703 1227 3759 domiuus
1249 3701 1306 3774 ejus

246 3804 277 3861 in
298 3803 438 3874 integrum
456 3802 571 3870 reddat3
594 3808 719 3860 cessante
740 3801 770 3858 iu
791 3802 845 3858 hoo
861 3800 981 3874 capituto
995 3817 1066 3873 pena
1082 3799 1156 3869 turti,
1179 3798 1306 3873 eoquod

248 3903 278 3960 in
299 3903 364 3973 iuga
384 3900 457 3958 iecit.
1152 3899 1157 3907 '

327 4000 411 4057 25².
454 3997 483 4054 Si
513 3996 613 4054 mulier
636 3997 724 4055 libera
750 3997 865 4056 iulireae
887 4013 969 4070 super
989 3995 1091 4052 turtum
1119 3993 1306 4066 oonprehiusa

199 4134 201 4138 ·
249 4098 347 4171 tuerit,
370 4100 473 4155 turtum
494 4097 570 4170 quod
591 4096 686 4154 iecerit
706 4097 760 4154 sibi
781 4113 888 4154 nonum
909 4099 1067 4166 conponat,
1090 4109 1154 4173 nam
1175 4092 1227 4148 alia
1249 4092 1307 4148 cul-

249 4216 313 4272 pam
335 4210 393 4254 non
414 4195 570 4270 requiratur
591 4211 641 4268 pro
664 4211 697 4251 oo
719 4195 796 4268 quod
823 4193 923 4268 injuria
945 4209 1024 4265 passa
1045 4195 1103 4256 θεῖς
1134 4189 1184 4246 sed
1210 4188 1305 4245 uitium
1341 4201 1343 4206 ·

249 4313 329 4354 suum
350 4294 462 4368 repotit,
486 4294 533 4368 qui
556 4310 671 4367 operam
689 4293 862 4365 indigentem
882 4291 972 4349 facere
994 4288 1176 4361 temptaverit.

330 4394 418 4451 258.
461 4391 491 4449 si
511 4391 585 4449 aidia
605 4397 652 4449 aut
671 4392 772 4450 aneilla
787 4405 870 4464 super
888 4389 988 4446 turtum
1007 4393 1109 4461 tempta
1125 4383 1216 4450 suerit,
1238 4399 1307 4440 eon-

250 4496 337 4567 ponat
357 4488 487 4547 dominus
508 4506 603 4547 earum
624 4489 726 4549 turtum
753 4489 844 4563 ipsum
875 4487 928 4545 sihi
959 4502 1084 4551 nonum,
1117 4489 1233 4556 excepto
1254 4496 1305 4556 pro

251 4591 362 4664 eulpam
380 4587 487 4646 solidos
507 4603 553 4645 ιι.
