<?xml version="1.0" encoding="UTF-8"?>
<!DOCTYPE html PUBLIC "-//W3C//DTD XHTML 1.0 Transitional//EN"
    "http://www.w3.org/TR/xhtml1/DTD/xhtml1-transitional.dtd">
<html xmlns="http://www.w3.org/1999/xhtml" xml:lang="en" lang="en">
 <head>
  <title>
</title>
<meta http-equiv="Content-Type" content="text/html;charset=utf-8" />
  <meta name='ocr-system' content='tesseract 3.04.00' />
  <meta name='ocr-capabilities' content='ocr_page ocr_carea ocr_par ocr_line ocrx_word'/>
</head>
<body>
  <div class='ocr_page' id='page_1' title='image "./edictaregumlang00neiggoog_0085.png"; bbox 0 0 3048 5130; ppageno 0'>
   <div class='ocr_carea' id='block_1_1' title="bbox 606 423 903 502">
    <p class='ocr_par' dir='ltr' id='par_1_1' title="bbox 606 423 903 502">
     <span class='ocr_line' id='line_1_1' title="bbox 606 423 903 502; baseline 0.01 -3"><span class='ocrx_word' id='word_1_1' title='bbox 606 423 790 502; x_wconf 78' lang='lat' dir='ltr'><strong><em>uvomnsnm</em></strong></span> <span class='ocrx_word' id='word_1_2' title='bbox 813 456 903 502; x_wconf 80' lang='lat' dir='ltr'><strong><em>nuato</em></strong></span> 
     </span>
    </p>
   </div>
   <div class='ocr_carea' id='block_1_2' title="bbox 496 603 1030 797">
    <p class='ocr_par' dir='ltr' id='par_1_2' title="bbox 496 603 1030 797">
     <span class='ocr_line' id='line_1_2' title="bbox 506 603 986 658; baseline 0.015 -9"><span class='ocrx_word' id='word_1_3' title='bbox 506 641 511 649; x_wconf 88' lang='grc'><em>,</em></span> <span class='ocrx_word' id='word_1_4' title='bbox 531 603 659 656; x_wconf 73' lang='grc' dir='ltr'>ΙΝΕΙΡΙΤ</span> <span class='ocrx_word' id='word_1_5' title='bbox 668 605 712 656; x_wconf 83' lang='lat' dir='ltr'><strong><em>DE</em></strong></span> <span class='ocrx_word' id='word_1_6' title='bbox 728 605 823 657; x_wconf 76' lang='lat' dir='ltr'>ANNO</span> <span class='ocrx_word' id='word_1_7' title='bbox 837 605 986 658; x_wconf 74' lang='lat' dir='ltr'><strong>OCTABO.</strong></span> 
     </span>
     <span class='ocr_line' id='line_1_3' title="bbox 496 723 1030 797; baseline 0.004 -19"><span class='ocrx_word' id='word_1_8' title='bbox 496 725 629 794; x_wconf 83' lang='lat' dir='ltr'><strong><em>(Kalendts</em></strong></span> <span class='ocrx_word' id='word_1_9' title='bbox 655 733 767 790; x_wconf 84' lang='lat' dir='ltr'><strong><em>martiis,</em></strong></span> <span class='ocrx_word' id='word_1_10' title='bbox 799 743 867 781; x_wconf 90' lang='lat' dir='ltr'><strong><em>auno</em></strong></span> <span class='ocrx_word' id='word_1_11' title='bbox 891 723 1030 797; x_wconf 75' lang='lat' dir='ltr'>DCCXX.)</span> 
     </span>
    </p>
   </div>
   <div class='ocr_carea' id='block_1_3' title="bbox 562 851 961 921">
    <p class='ocr_par' dir='ltr' id='par_1_3' title="bbox 562 851 961 921">
     <span class='ocr_line' id='line_1_4' title="bbox 562 851 961 921; baseline 0.018 -7"><span class='ocrx_word' id='word_1_12' title='bbox 562 851 752 916; x_wconf 87' lang='lat' dir='ltr'><strong>VOLUMEN</strong></span> <span class='ocrx_word' id='word_1_13' title='bbox 776 855 961 921; x_wconf 87' lang='lat' dir='ltr'>TERTIUM.</span> 
     </span>
    </p>
   </div>
   <div class='ocr_carea' id='block_1_4' title="bbox 228 996 1287 2050">
    <p class='ocr_par' dir='ltr' id='par_1_4' title="bbox 229 996 1287 1853">
     <span class='ocr_line' id='line_1_5' title="bbox 308 996 1286 1072; baseline -0.001 -17"><span class='ocrx_word' id='word_1_14' title='bbox 308 998 369 1072; x_wconf 74' lang='lat' dir='ltr'><strong><em>Epo</em></strong></span> <span class='ocrx_word' id='word_1_15' title='bbox 388 1001 419 1054; x_wconf 86' lang='lat' dir='ltr'><strong><em>in</em></strong></span> <span class='ocrx_word' id='word_1_16' title='bbox 439 996 491 1053; x_wconf 85' lang='lat' dir='ltr'><strong><em>Dei</em></strong></span> <span class='ocrx_word' id='word_1_17' title='bbox 505 998 693 1068; x_wconf 79' lang='lat' dir='ltr'><strong><em>armipotentis</em></strong></span> <span class='ocrx_word' id='word_1_18' title='bbox 708 999 817 1054; x_wconf 85' lang='lat' dir='ltr'><strong><em>nornine</em></strong></span> <span class='ocrx_word' id='word_1_19' title='bbox 833 999 1065 1055; x_wconf 79' lang='lat' dir='ltr'><strong><em>macilentissimas</em></strong></span> <span class='ocrx_word' id='word_1_20' title='bbox 1082 997 1286 1070; x_wconf 80' lang='lat' dir='ltr'><strong><em>Liu&#39;tpraud</em></strong></span> 
     </span>
     <span class='ocr_line' id='line_1_6' title="bbox 229 1093 1287 1168; baseline -0.002 -14"><span class='ocrx_word' id='word_1_21' title='bbox 229 1114 280 1154; x_wconf 81' lang='lat' dir='ltr'><strong><em>rea</em></strong></span> <span class='ocrx_word' id='word_1_22' title='bbox 298 1099 443 1168; x_wconf 68' lang='lat' dir='ltr'><strong><em>filicissime</em></strong></span> <span class='ocrx_word' id='word_1_23' title='bbox 463 1096 549 1166; x_wconf 81' lang='lat' dir='ltr'><strong><em>pontis</em></strong></span> <span class='ocrx_word' id='word_1_24' title='bbox 568 1093 827 1166; x_wconf 70' lang='lat' dir='ltr'><strong><em>langobardorum,</em></strong></span> <span class='ocrx_word' id='word_1_25' title='bbox 859 1113 950 1164; x_wconf 87' lang='lat' dir='ltr'><strong><em>anno,</em></strong></span> <span class='ocrx_word' id='word_1_26' title='bbox 973 1096 1030 1151; x_wconf 87' lang='lat' dir='ltr'><strong><em>Dec</em></strong></span> <span class='ocrx_word' id='word_1_27' title='bbox 1047 1098 1187 1167; x_wconf 81' lang='lat' dir='ltr'><strong><em>propitia,</em></strong></span> <span class='ocrx_word' id='word_1_28' title='bbox 1209 1099 1287 1168; x_wconf 74' lang='lat' dir='ltr'><strong><em>regni</em></strong></span> 
     </span>
     <span class='ocr_line' id='line_1_7' title="bbox 229 1194 1286 1262; baseline -0.001 -10"><span class='ocrx_word' id='word_1_29' title='bbox 229 1199 283 1252; x_wconf 89' lang='lat' dir='ltr'><strong><em>mei</em></strong></span> <span class='ocrx_word' id='word_1_30' title='bbox 303 1197 412 1262; x_wconf 85' lang='lat' dir='ltr'><strong><em>celabo,</em></strong></span> <span class='ocrx_word' id='word_1_31' title='bbox 444 1194 507 1248; x_wconf 86' lang='lat' dir='ltr'><strong><em>diae</em></strong></span> <span class='ocrx_word' id='word_1_32' title='bbox 526 1194 704 1248; x_wconf 78' lang='lat' dir='ltr'><strong><em>boariorum</em></strong></span> <span class='ocrx_word' id='word_1_33' title='bbox 723 1195 902 1257; x_wconf 88' lang='lat' dir='ltr'><strong><em>martiorum,</em></strong></span> <span class='ocrx_word' id='word_1_34' title='bbox 929 1195 1078 1250; x_wconf 73' lang='lat' dir='ltr'><strong><em>indictione</em></strong></span> <span class='ocrx_word' id='word_1_35' title='bbox 1099 1196 1199 1262; x_wconf 87' lang='lat' dir='ltr'><strong><em>tertio,</em></strong></span> <span class='ocrx_word' id='word_1_36' title='bbox 1230 1211 1286 1251; x_wconf 89' lang='lat' dir='ltr'><strong><em>uua</em></strong></span> 
     </span>
     <span class='ocr_line' id='line_1_8' title="bbox 229 1288 1286 1360; baseline -0.004 -10"><span class='ocrx_word' id='word_1_37' title='bbox 229 1311 290 1351; x_wconf 90' lang='lat' dir='ltr'><strong><em>cum</em></strong></span> <span class='ocrx_word' id='word_1_38' title='bbox 309 1292 467 1349; x_wconf 69' lang='lat' dir='ltr'><strong><em>inlustribus</em></strong></span> <span class='ocrx_word' id='word_1_39' title='bbox 486 1292 556 1345; x_wconf 81' lang='lat' dir='ltr'><strong><em>ceris</em></strong></span> <span class='ocrx_word' id='word_1_40' title='bbox 577 1291 747 1346; x_wconf 77' lang='lat' dir='ltr'><strong><em>obtimatibus</em></strong></span> <span class='ocrx_word' id='word_1_41' title='bbox 767 1293 832 1346; x_wconf 89' lang='lat' dir='ltr'><strong><em>meis</em></strong></span> <span class='ocrx_word' id='word_1_42' title='bbox 852 1290 1004 1360; x_wconf 85' lang='lat' dir='ltr'><strong><em>Neustriac,</em></strong></span> <span class='ocrx_word' id='word_1_43' title='bbox 1027 1288 1154 1348; x_wconf 67' lang='lat' dir='ltr'><strong><em>clusiriae</em></strong></span> <span class='ocrx_word' id='word_1_44' title='bbox 1181 1299 1205 1348; x_wconf 91' lang='lat' dir='ltr'><strong><em>et</em></strong></span> <span class='ocrx_word' id='word_1_45' title='bbox 1232 1291 1286 1346; x_wconf 86' lang='lat' dir='ltr'><strong><em>Tu-</em></strong></span> 
     </span>
     <span class='ocr_line' id='line_1_9' title="bbox 230 1388 1286 1461; baseline 0 -15"><span class='ocrx_word' id='word_1_46' title='bbox 230 1394 302 1448; x_wconf 89' lang='lat' dir='ltr'><strong><em>sciae</em></strong></span> <span class='ocrx_word' id='word_1_47' title='bbox 319 1391 463 1461; x_wconf 83' lang='lat' dir='ltr'><strong><em>partibus,</em></strong></span> <span class='ocrx_word' id='word_1_48' title='bbox 491 1389 535 1444; x_wconf 86' lang='lat' dir='ltr'><strong><em>cei</em></strong></span> <span class='ocrx_word' id='word_1_49' title='bbox 560 1390 692 1448; x_wconf 83' lang='lat' dir='ltr'><strong><em>universis</em></strong></span> <span class='ocrx_word' id='word_1_50' title='bbox 712 1389 846 1444; x_wconf 88' lang='lat' dir='ltr'><strong><em>nobilibus</em></strong></span> <span class='ocrx_word' id='word_1_51' title='bbox 865 1388 1071 1460; x_wconf 71' lang='lat' dir='ltr'><strong><em>longobardis,</em></strong></span> <span class='ocrx_word' id='word_1_52' title='bbox 1095 1392 1159 1446; x_wconf 90' lang='lat' dir='ltr'><strong><em>dum</em></strong></span> <span class='ocrx_word' id='word_1_53' title='bbox 1178 1391 1286 1460; x_wconf 77' lang='lat' dir='ltr'><strong><em>singulo</em></strong></span> 
     </span>
     <span class='ocr_line' id='line_1_10' title="bbox 230 1487 1287 1560; baseline -0.001 -15"><span class='ocrx_word' id='word_1_54' title='bbox 230 1506 300 1560; x_wconf 89' lang='lat' dir='ltr'><strong><em>quae</em></strong></span> <span class='ocrx_word' id='word_1_55' title='bbox 327 1490 358 1544; x_wconf 85' lang='lat' dir='ltr'><strong><em>in</em></strong></span> <span class='ocrx_word' id='word_1_56' title='bbox 386 1487 568 1542; x_wconf 81' lang='lat' dir='ltr'><strong><em>anterioribus</em></strong></span> <span class='ocrx_word' id='word_1_57' title='bbox 595 1488 680 1542; x_wconf 88' lang='lat' dir='ltr'><strong><em>titulis</em></strong></span> <span class='ocrx_word' id='word_1_58' title='bbox 706 1489 784 1558; x_wconf 78' lang='lat' dir='ltr'><strong><em>bajus</em></strong></span> <span class='ocrx_word' id='word_1_59' title='bbox 813 1487 907 1543; x_wconf 86' lang='lat' dir='ltr'><strong><em>Edicti</em></strong></span> <span class='ocrx_word' id='word_1_60' title='bbox 931 1489 1055 1559; x_wconf 75' lang='lat' dir='ltr'><strong><em>leguntur</em></strong></span> <span class='ocrx_word' id='word_1_61' title='bbox 1081 1491 1217 1546; x_wconf 78' lang='lat' dir='ltr'><strong><em>studiosae</em></strong></span> <span class='ocrx_word' id='word_1_62' title='bbox 1236 1489 1287 1544; x_wconf 88' lang='lat' dir='ltr'><strong><em>bac</em></strong></span> 
     </span>
     <span class='ocr_line' id='line_1_11' title="bbox 230 1587 1286 1657; baseline 0 -15"><span class='ocrx_word' id='word_1_63' title='bbox 230 1587 362 1642; x_wconf 85' lang='lat' dir='ltr'><strong><em>subtiliter</em></strong></span> <span class='ocrx_word' id='word_1_64' title='bbox 380 1591 629 1657; x_wconf 80' lang='lat' dir='ltr'><strong><em>perscrutmsemus,</em></strong></span> <span class='ocrx_word' id='word_1_65' title='bbox 652 1587 789 1641; x_wconf 85' lang='lat' dir='ltr'><strong><em>assistente</em></strong></span> <span class='ocrx_word' id='word_1_66' title='bbox 810 1587 884 1640; x_wconf 89' lang='lat' dir='ltr'><strong><em>omni</em></strong></span> <span class='ocrx_word' id='word_1_67' title='bbox 895 1587 1003 1656; x_wconf 85' lang='lat' dir='ltr'><strong><em>populo,</em></strong></span> <span class='ocrx_word' id='word_1_68' title='bbox 1024 1593 1181 1656; x_wconf 77' lang='lat' dir='ltr'><strong><em>presentem,</em></strong></span> <span class='ocrx_word' id='word_1_69' title='bbox 1205 1602 1286 1657; x_wconf 86' lang='lat' dir='ltr'><strong><em>quam</em></strong></span> 
     </span>
     <span class='ocr_line' id='line_1_12' title="bbox 229 1684 1285 1756; baseline -0.001 -16"><span class='ocrx_word' id='word_1_70' title='bbox 229 1700 340 1754; x_wconf 77' lang='lat' dir='ltr'><strong><em>ecquem</em></strong></span> <span class='ocrx_word' id='word_1_71' title='bbox 359 1699 445 1739; x_wconf 82' lang='lat' dir='ltr'><strong><em>sermo</em></strong></span> <span class='ocrx_word' id='word_1_72' title='bbox 465 1685 673 1748; x_wconf 73' lang='lat' dir='ltr'><strong><em>monstraverit,</em></strong></span> <span class='ocrx_word' id='word_1_73' title='bbox 696 1685 814 1752; x_wconf 88' lang='lat' dir='ltr'><strong><em>addere,</em></strong></span> <span class='ocrx_word' id='word_1_74' title='bbox 838 1685 985 1747; x_wconf 80' lang='lat' dir='ltr'><strong><em>elucidare,</em></strong></span> <span class='ocrx_word' id='word_1_75' title='bbox 1013 1684 1069 1739; x_wconf 89' lang='lat' dir='ltr'><strong><em>sibe</em></strong></span> <span class='ocrx_word' id='word_1_76' title='bbox 1088 1691 1205 1741; x_wconf 82' lang='lat' dir='ltr'><strong><em>statuere</em></strong></span> <span class='ocrx_word' id='word_1_77' title='bbox 1216 1701 1285 1756; x_wconf 80' lang='lat' dir='ltr'><strong><em>prc-</em></strong></span> 
     </span>
     <span class='ocr_line' id='line_1_13' title="bbox 229 1781 748 1853; baseline -0.008 -15"><span class='ocrx_word' id='word_1_78' title='bbox 229 1784 350 1838; x_wconf 85' lang='lat' dir='ltr'><strong><em>uidemus</em></strong></span> <span class='ocrx_word' id='word_1_79' title='bbox 370 1783 470 1853; x_wconf 72' lang='lat' dir='ltr'><strong><em>legam</em></strong></span> <span class='ocrx_word' id='word_1_80' title='bbox 490 1782 609 1851; x_wconf 68' lang='lat' dir='ltr'><strong><em>pdmum</em></strong></span> <span class='ocrx_word' id='word_1_81' title='bbox 629 1781 748 1836; x_wconf 88' lang='lat' dir='ltr'><strong><em>omnium</em></strong></span> 
     </span>
    </p>

    <p class='ocr_par' dir='ltr' id='par_1_5' title="bbox 228 1859 1286 2050">
     <span class='ocr_line' id='line_1_14' title="bbox 311 1859 1286 1953; baseline 0 -18"><span class='ocrx_word' id='word_1_82' title='bbox 311 1876 360 1953; x_wconf 78' lang='lat' dir='ltr'><strong><em>(t.)</em></strong></span> <span class='ocrx_word' id='word_1_83' title='bbox 380 1877 440 1935; x_wconf 74' lang='lat' dir='ltr'><strong><em>lb.</em></strong></span> <span class='ocrx_word' id='word_1_84' title='bbox 463 1859 641 1948; x_wconf 86' lang='lat' dir='ltr'><strong><em>Quicumque</em></strong></span> <span class='ocrx_word' id='word_1_85' title='bbox 663 1875 747 1931; x_wconf 86' lang='lat' dir='ltr'><strong><em>homo</em></strong></span> <span class='ocrx_word' id='word_1_86' title='bbox 768 1876 820 1931; x_wconf 90' lang='lat' dir='ltr'><strong><em>sub</em></strong></span> <span class='ocrx_word' id='word_1_87' title='bbox 839 1877 917 1947; x_wconf 91' lang='lat' dir='ltr'><strong><em>regni</em></strong></span> <span class='ocrx_word' id='word_1_88' title='bbox 935 1877 1021 1932; x_wconf 83' lang='lat' dir='ltr'><strong><em>nostri</em></strong></span> <span class='ocrx_word' id='word_1_89' title='bbox 1033 1877 1145 1934; x_wconf 88' lang='lat' dir='ltr'><strong><em>dicione</em></strong></span> <span class='ocrx_word' id='word_1_90' title='bbox 1161 1879 1286 1936; x_wconf 83' lang='lat' dir='ltr'><strong><em>cuicum·</em></strong></span> 
     </span>
     <span class='ocr_line' id='line_1_15' title="bbox 228 1974 1286 2050; baseline -0.001 -18"><span class='ocrx_word' id='word_1_91' title='bbox 228 1993 285 2050; x_wconf 86' lang='lat' dir='ltr'><strong><em>que</em></strong></span> <span class='ocrx_word' id='word_1_92' title='bbox 311 1977 412 2034; x_wconf 89' lang='lat' dir='ltr'><strong><em>amodo</em></strong></span> <span class='ocrx_word' id='word_1_93' title='bbox 435 1974 523 2031; x_wconf 87' lang='lat' dir='ltr'><strong><em>wadia</em></strong></span> <span class='ocrx_word' id='word_1_94' title='bbox 544 1974 653 2030; x_wconf 82' lang='lat' dir='ltr'><strong><em>dederit</em></strong></span> <span class='ocrx_word' id='word_1_95' title='bbox 673 1981 706 2029; x_wconf 87' lang='lat' dir='ltr'><strong><em>et</em></strong></span> <span class='ocrx_word' id='word_1_96' title='bbox 727 1974 890 2046; x_wconf 87' lang='lat' dir='ltr'><strong><em>fidejussore</em></strong></span> <span class='ocrx_word' id='word_1_97' title='bbox 910 1975 1036 2047; x_wconf 83' lang='lat' dir='ltr'><strong><em>posuerit</em></strong></span> <span class='ocrx_word' id='word_1_98' title='bbox 1055 1978 1194 2048; x_wconf 84' lang='lat' dir='ltr'><strong><em>presentia</em></strong></span> <span class='ocrx_word' id='word_1_99' title='bbox 1216 1977 1286 2032; x_wconf 92' lang='lat' dir='ltr'><strong><em>duo·</em></strong></span> 
     </span>
    </p>
   </div>
   <div class='ocr_carea' id='block_1_5' title="bbox 148 2071 1286 2144">
    <p class='ocr_par' dir='ltr' id='par_1_6' title="bbox 148 2071 1286 2144">
     <span class='ocr_line' id='line_1_16' title="bbox 148 2071 1286 2144; baseline 0.003 -16"><span class='ocrx_word' id='word_1_100' title='bbox 148 2119 154 2128; x_wconf 92' lang='lat'><em>.</em></span> <span class='ocrx_word' id='word_1_101' title='bbox 228 2091 291 2134; x_wconf 90' lang='lat' dir='ltr'><strong><em>rum</em></strong></span> <span class='ocrx_word' id='word_1_102' title='bbox 312 2076 354 2131; x_wconf 86' lang='lat' dir='ltr'><strong><em>vel</em></strong></span> <span class='ocrx_word' id='word_1_103' title='bbox 377 2073 461 2129; x_wconf 89' lang='lat' dir='ltr'><strong><em>trium</em></strong></span> <span class='ocrx_word' id='word_1_104' title='bbox 484 2071 595 2127; x_wconf 89' lang='lat' dir='ltr'><strong><em>testium</em></strong></span> <span class='ocrx_word' id='word_1_105' title='bbox 615 2087 734 2144; x_wconf 88' lang='lat' dir='ltr'><strong><em>quorum</em></strong></span> <span class='ocrx_word' id='word_1_106' title='bbox 757 2072 826 2128; x_wconf 87' lang='lat' dir='ltr'><strong><em>fides</em></strong></span> <span class='ocrx_word' id='word_1_107' title='bbox 847 2072 993 2142; x_wconf 88' lang='lat' dir='ltr'><strong><em>amittitur,</em></strong></span> <span class='ocrx_word' id='word_1_108' title='bbox 1015 2072 1044 2128; x_wconf 90' lang='lat' dir='ltr'><strong><em>in</em></strong></span> <span class='ocrx_word' id='word_1_109' title='bbox 1067 2075 1198 2130; x_wconf 88' lang='lat' dir='ltr'><strong><em>omnibus</em></strong></span> <span class='ocrx_word' id='word_1_110' title='bbox 1217 2091 1286 2131; x_wconf 92' lang='lat' dir='ltr'><strong><em>con·</em></strong></span> 
     </span>
    </p>
   </div>
   <div class='ocr_carea' id='block_1_6' title="bbox 228 2166 1285 2650">
    <p class='ocr_par' dir='ltr' id='par_1_7' title="bbox 228 2166 1285 2650">
     <span class='ocr_line' id='line_1_17' title="bbox 228 2166 1285 2248; baseline -0.004 -16"><span class='ocrx_word' id='word_1_111' title='bbox 228 2176 305 2248; x_wconf 90' lang='lat' dir='ltr'><strong><em>plcre</em></strong></span> <span class='ocrx_word' id='word_1_112' title='bbox 326 2173 444 2237; x_wconf 68' lang='lat' dir='ltr'><strong><em>debeam</em></strong></span> <span class='ocrx_word' id='word_1_113' title='bbox 474 2179 503 2226; x_wconf 88' lang='lat' dir='ltr'><strong><em>et</em></strong></span> <span class='ocrx_word' id='word_1_114' title='bbox 522 2171 544 2226; x_wconf 93' lang='lat' dir='ltr'><strong><em>si</em></strong></span> <span class='ocrx_word' id='word_1_115' title='bbox 566 2166 721 2239; x_wconf 88' lang='lat' dir='ltr'><strong><em>distolerit,</em></strong></span> <span class='ocrx_word' id='word_1_116' title='bbox 752 2177 780 2226; x_wconf 91' lang='lat' dir='ltr'><strong><em>et</em></strong></span> <span class='ocrx_word' id='word_1_117' title='bbox 799 2170 961 2243; x_wconf 86' lang='lat' dir='ltr'><strong><em>pigneratus</em></strong></span> <span class='ocrx_word' id='word_1_118' title='bbox 983 2171 1116 2228; x_wconf 83' lang='lat' dir='ltr'><strong><em>fueritin</em></strong></span> <span class='ocrx_word' id='word_1_119' title='bbox 1138 2171 1180 2228; x_wconf 86' lang='lat' dir='ltr'><strong><em>his</em></strong></span> <span class='ocrx_word' id='word_1_120' title='bbox 1201 2173 1285 2228; x_wconf 88' lang='lat' dir='ltr'><strong><em>rebus</em></strong></span> 
     </span>
     <span class='ocr_line' id='line_1_18' title="bbox 228 2270 1285 2345; baseline -0.003 -15"><span class='ocrx_word' id='word_1_121' title='bbox 228 2273 258 2330; x_wconf 92' lang='lat' dir='ltr'><strong><em>in</em></strong></span> <span class='ocrx_word' id='word_1_122' title='bbox 281 2272 384 2345; x_wconf 89' lang='lat' dir='ltr'><strong><em>quibus</em></strong></span> <span class='ocrx_word' id='word_1_123' title='bbox 404 2270 518 2327; x_wconf 81' lang='lat' dir='ltr'><strong><em>teritum</em></strong></span> <span class='ocrx_word' id='word_1_124' title='bbox 539 2277 580 2325; x_wconf 90' lang='lat' dir='ltr'><strong><em>est</em></strong></span> <span class='ocrx_word' id='word_1_125' title='bbox 601 2270 783 2340; x_wconf 81' lang='lat' dir='ltr'><strong><em>pignerandi,</em></strong></span> <span class='ocrx_word' id='word_1_126' title='bbox 821 2271 897 2325; x_wconf 92' lang='lat' dir='ltr'><strong><em>nulla</em></strong></span> <span class='ocrx_word' id='word_1_127' title='bbox 925 2270 1063 2326; x_wconf 76' lang='lat' dir='ltr'><strong><em>calomnia</em></strong></span> <span class='ocrx_word' id='word_1_128' title='bbox 1084 2271 1133 2342; x_wconf 92' lang='lat' dir='ltr'><strong><em>qui</em></strong></span> <span class='ocrx_word' id='word_1_129' title='bbox 1155 2271 1285 2343; x_wconf 90' lang='lat' dir='ltr'><strong><em>pignera-</em></strong></span> 
     </span>
     <span class='ocr_line' id='line_1_19' title="bbox 229 2367 1284 2441; baseline -0.004 -13"><span class='ocrx_word' id='word_1_130' title='bbox 229 2371 299 2428; x_wconf 82' lang='lat' dir='ltr'><strong><em>verit</em></strong></span> <span class='ocrx_word' id='word_1_131' title='bbox 328 2368 456 2441; x_wconf 90' lang='lat' dir='ltr'><strong><em>patiatur.</em></strong></span> <span class='ocrx_word' id='word_1_132' title='bbox 500 2367 569 2424; x_wconf 87' lang='lat' dir='ltr'><strong><em>Nam</em></strong></span> <span class='ocrx_word' id='word_1_133' title='bbox 598 2367 646 2440; x_wconf 91' lang='lat' dir='ltr'><strong><em>qui</em></strong></span> <span class='ocrx_word' id='word_1_134' title='bbox 677 2367 737 2424; x_wconf 87' lang='lat' dir='ltr'><strong><em>sine</em></strong></span> <span class='ocrx_word' id='word_1_135' title='bbox 770 2368 822 2424; x_wconf 89' lang='lat' dir='ltr'><strong><em>hac</em></strong></span> <span class='ocrx_word' id='word_1_136' title='bbox 850 2367 1109 2426; x_wconf 87' lang='lat' dir='ltr'><strong><em>manelestationem</em></strong></span> <span class='ocrx_word' id='word_1_137' title='bbox 1138 2368 1284 2440; x_wconf 82' lang='lat' dir='ltr'><strong><em>pignerare</em></strong></span> 
     </span>
     <span class='ocr_line' id='line_1_20' title="bbox 229 2465 1285 2542; baseline -0.002 -18"><span class='ocrx_word' id='word_1_138' title='bbox 229 2465 440 2542; x_wconf 86' lang='lat' dir='ltr'><strong><em>presumpserit,</em></strong></span> <span class='ocrx_word' id='word_1_139' title='bbox 460 2465 589 2537; x_wconf 87' lang='lat' dir='ltr'><strong><em>juvemus</em></strong></span> <span class='ocrx_word' id='word_1_140' title='bbox 612 2473 641 2520; x_wconf 90' lang='lat' dir='ltr'><strong><em>ut</em></strong></span> <span class='ocrx_word' id='word_1_141' title='bbox 658 2465 775 2522; x_wconf 90' lang='lat' dir='ltr'><strong><em>dublum</em></strong></span> <span class='ocrx_word' id='word_1_142' title='bbox 790 2468 907 2538; x_wconf 87' lang='lat' dir='ltr'><strong><em>pignum</em></strong></span> <span class='ocrx_word' id='word_1_143' title='bbox 927 2466 1061 2524; x_wconf 88' lang='lat' dir='ltr'><strong><em>restituat.</em></strong></span> <span class='ocrx_word' id='word_1_144' title='bbox 1085 2465 1114 2522; x_wconf 89' lang='lat' dir='ltr'><strong><em>Si</em></strong></span> <span class='ocrx_word' id='word_1_145' title='bbox 1131 2482 1197 2522; x_wconf 87' lang='lat' dir='ltr'><strong><em>vero</em></strong></span> <span class='ocrx_word' id='word_1_146' title='bbox 1212 2467 1285 2524; x_wconf 90' lang='lat' dir='ltr'><strong><em>inter</em></strong></span> 
     </span>
     <span class='ocr_line' id='line_1_21' title="bbox 229 2562 1284 2650; baseline -0.001 -28"><span class='ocrx_word' id='word_1_147' title='bbox 229 2565 397 2622; x_wconf 89' lang='lat' dir='ltr'><strong><em>creditorem</em></strong></span> <span class='ocrx_word' id='word_1_148' title='bbox 417 2570 445 2618; x_wconf 89' lang='lat' dir='ltr'><strong><em>et</em></strong></span> <span class='ocrx_word' id='word_1_149' title='bbox 460 2562 610 2650; x_wconf 74' lang='lat' dir='ltr'><strong><em>devitorem</em></strong></span> <span class='ocrx_word' id='word_1_150' title='bbox 632 2571 660 2619; x_wconf 90' lang='lat' dir='ltr'><strong><em>et</em></strong></span> <span class='ocrx_word' id='word_1_151' title='bbox 671 2563 862 2635; x_wconf 85' lang='lat' dir='ltr'><strong><em>fidejussorem</em></strong></span> <span class='ocrx_word' id='word_1_152' title='bbox 883 2571 942 2621; x_wconf 89' lang='lat' dir='ltr'><strong><em>orta</em></strong></span> <span class='ocrx_word' id='word_1_153' title='bbox 962 2564 1047 2620; x_wconf 89' lang='lat' dir='ltr'><strong><em>luerit</em></strong></span> <span class='ocrx_word' id='word_1_154' title='bbox 1062 2563 1192 2632; x_wconf 86' lang='lat' dir='ltr'><strong><em>intentio,</em></strong></span> <span class='ocrx_word' id='word_1_155' title='bbox 1216 2581 1284 2637; x_wconf 90' lang='lat' dir='ltr'><strong><em>qua·</em></strong></span> 
     </span>
    </p>
   </div>
   <div class='ocr_carea' id='block_1_7' title="bbox 229 2659 1383 2732">
    <p class='ocr_par' dir='ltr' id='par_1_8' title="bbox 229 2659 1383 2732">
     <span class='ocr_line' id='line_1_22' title="bbox 229 2659 1383 2732; baseline 0 -12"><span class='ocrx_word' id='word_1_156' title='bbox 229 2663 292 2720; x_wconf 89' lang='lat' dir='ltr'><strong><em>liter</em></strong></span> <span class='ocrx_word' id='word_1_157' title='bbox 312 2662 340 2718; x_wconf 90' lang='lat' dir='ltr'><strong><em>in</em></strong></span> <span class='ocrx_word' id='word_1_158' title='bbox 363 2661 502 2719; x_wconf 88' lang='lat' dir='ltr'><strong><em>anteriore</em></strong></span> <span class='ocrx_word' id='word_1_159' title='bbox 523 2661 622 2716; x_wconf 85' lang='lat' dir='ltr'><strong><em>Edicto</em></strong></span> <span class='ocrx_word' id='word_1_160' title='bbox 643 2661 746 2732; x_wconf 89' lang='lat' dir='ltr'><strong><em>legitur</em></strong></span> <span class='ocrx_word' id='word_1_161' title='bbox 766 2668 794 2718; x_wconf 90' lang='lat' dir='ltr'><strong><em>et</em></strong></span> <span class='ocrx_word' id='word_1_162' title='bbox 814 2679 829 2718; x_wconf 88' lang='lat' dir='ltr'><strong><em>a</em></strong></span> <span class='ocrx_word' id='word_1_163' title='bbox 850 2663 988 2732; x_wconf 80' lang='lat' dir='ltr'><strong><em>gloriosae</em></strong></span> <span class='ocrx_word' id='word_1_164' title='bbox 1002 2659 1284 2720; x_wconf 72' lang='lat' dir='ltr'><strong><em>&#39;memoriaeuorut-</em></strong></span> <span class='ocrx_word' id='word_1_165' title='bbox 1382 2704 1383 2707; x_wconf 62' lang='lat'><strong><em>,</em></strong></span> 
     </span>
    </p>
   </div>
   <div class='ocr_carea' id='block_1_8' title="bbox 228 2758 1284 4500">
    <p class='ocr_par' dir='ltr' id='par_1_9' title="bbox 228 2758 1284 3520">
     <span class='ocr_line' id='line_1_23' title="bbox 228 2758 1283 2830; baseline 0 -12"><span class='ocrx_word' id='word_1_166' title='bbox 228 2777 302 2818; x_wconf 80' lang='lat' dir='ltr'><strong><em>nunu</em></strong></span> <span class='ocrx_word' id='word_1_167' title='bbox 324 2775 390 2830; x_wconf 86' lang='lat' dir='ltr'><strong><em>rege</em></strong></span> <span class='ocrx_word' id='word_1_168' title='bbox 410 2758 572 2826; x_wconf 87' lang='lat' dir='ltr'><strong><em>instituere,</em></strong></span> <span class='ocrx_word' id='word_1_169' title='bbox 604 2775 654 2830; x_wconf 92' lang='lat' dir='ltr'><strong><em>per</em></strong></span> <span class='ocrx_word' id='word_1_170' title='bbox 674 2766 877 2816; x_wconf 86' lang='lat' dir='ltr'><strong><em>sacramentum</em></strong></span> <span class='ocrx_word' id='word_1_171' title='bbox 898 2760 1138 2825; x_wconf 83' lang='lat' dir='ltr'><strong><em>determinentur;</em></strong></span> <span class='ocrx_word' id='word_1_172' title='bbox 1170 2779 1234 2818; x_wconf 90' lang='lat' dir='ltr'><strong><em>nam</em></strong></span> <span class='ocrx_word' id='word_1_173' title='bbox 1261 2761 1283 2818; x_wconf 90' lang='lat' dir='ltr'><strong><em>si</em></strong></span> 
     </span>
     <span class='ocr_line' id='line_1_24' title="bbox 228 2856 1281 2930; baseline 0.001 -15"><span class='ocrx_word' id='word_1_174' title='bbox 228 2858 257 2916; x_wconf 89' lang='lat' dir='ltr'><strong><em>in</em></strong></span> <span class='ocrx_word' id='word_1_175' title='bbox 279 2857 419 2930; x_wconf 86' lang='lat' dir='ltr'><strong><em>presentia</em></strong></span> <span class='ocrx_word' id='word_1_176' title='bbox 435 2858 556 2913; x_wconf 87' lang='lat' dir='ltr'><strong><em>duorum</em></strong></span> <span class='ocrx_word' id='word_1_177' title='bbox 577 2857 620 2911; x_wconf 89' lang='lat' dir='ltr'><strong><em>vel</em></strong></span> <span class='ocrx_word' id='word_1_178' title='bbox 638 2856 720 2912; x_wconf 89' lang='lat' dir='ltr'><strong><em>trium</em></strong></span> <span class='ocrx_word' id='word_1_179' title='bbox 736 2857 846 2912; x_wconf 90' lang='lat' dir='ltr'><strong><em>testium</em></strong></span> <span class='ocrx_word' id='word_1_180' title='bbox 863 2857 1003 2929; x_wconf 78' lang='lat' dir='ltr'><strong><em>stipulatio</em></strong></span> <span class='ocrx_word' id='word_1_181' title='bbox 1024 2859 1083 2930; x_wconf 90' lang='lat' dir='ltr'><strong><em>ipsa</em></strong></span> <span class='ocrx_word' id='word_1_182' title='bbox 1101 2858 1171 2915; x_wconf 86' lang='lat' dir='ltr'><strong><em>iacta</em></strong></span> <span class='ocrx_word' id='word_1_183' title='bbox 1188 2860 1281 2929; x_wconf 79' lang='lat' dir='ltr'><strong><em>laverit,</em></strong></span> 
     </span>
     <span class='ocr_line' id='line_1_25' title="bbox 229 2954 1283 3030; baseline 0.001 -17"><span class='ocrx_word' id='word_1_184' title='bbox 229 2972 328 3014; x_wconf 89' lang='lat' dir='ltr'><strong><em>eorum</em></strong></span> <span class='ocrx_word' id='word_1_185' title='bbox 349 2954 556 3023; x_wconf 87' lang='lat' dir='ltr'><strong><em>testimonium,</em></strong></span> <span class='ocrx_word' id='word_1_186' title='bbox 580 2960 611 3008; x_wconf 91' lang='lat' dir='ltr'><strong><em>ut</em></strong></span> <span class='ocrx_word' id='word_1_187' title='bbox 631 2960 834 3016; x_wconf 85' lang='lat' dir='ltr'><strong><em>sacramentum</em></strong></span> <span class='ocrx_word' id='word_1_188' title='bbox 855 2955 928 3010; x_wconf 91' lang='lat' dir='ltr'><strong><em>inter</em></strong></span> <span class='ocrx_word' id='word_1_189' title='bbox 949 2955 1046 3011; x_wconf 88' lang='lat' dir='ltr'><strong><em>dantes</em></strong></span> <span class='ocrx_word' id='word_1_190' title='bbox 1067 2962 1095 3011; x_wconf 87' lang='lat' dir='ltr'><strong><em>et</em></strong></span> <span class='ocrx_word' id='word_1_191' title='bbox 1115 2957 1283 3030; x_wconf 87' lang='lat' dir='ltr'><strong><em>accipientes</em></strong></span> 
     </span>
     <span class='ocr_line' id='line_1_26' title="bbox 230 3051 1282 3127; baseline -0.001 -14"><span class='ocrx_word' id='word_1_192' title='bbox 230 3055 351 3113; x_wconf 86' lang='lat' dir='ltr'><strong><em>menime</em></strong></span> <span class='ocrx_word' id='word_1_193' title='bbox 371 3053 532 3127; x_wconf 87' lang='lat' dir='ltr'><strong><em>proveniat,</em></strong></span> <span class='ocrx_word' id='word_1_194' title='bbox 556 3053 694 3110; x_wconf 88' lang='lat' dir='ltr'><strong><em>credatur.</em></strong></span> <span class='ocrx_word' id='word_1_195' title='bbox 737 3053 773 3108; x_wconf 88' lang='lat' dir='ltr'><strong><em>Et</em></strong></span> <span class='ocrx_word' id='word_1_196' title='bbox 801 3051 824 3109; x_wconf 93' lang='lat' dir='ltr'><strong><em>si</em></strong></span> <span class='ocrx_word' id='word_1_197' title='bbox 846 3053 1001 3110; x_wconf 84' lang='lat' dir='ltr'><strong><em>debuerant</em></strong></span> <span class='ocrx_word' id='word_1_198' title='bbox 1021 3052 1074 3126; x_wconf 88' lang='lat' dir='ltr'><strong><em>ipsi</em></strong></span> <span class='ocrx_word' id='word_1_199' title='bbox 1096 3061 1179 3112; x_wconf 88' lang='lat' dir='ltr'><strong><em>testes</em></strong></span> <span class='ocrx_word' id='word_1_200' title='bbox 1200 3071 1282 3112; x_wconf 86' lang='lat' dir='ltr'><strong><em>suum</em></strong></span> 
     </span>
     <span class='ocr_line' id='line_1_27' title="bbox 229 3150 1280 3225; baseline -0.001 -15"><span class='ocrx_word' id='word_1_201' title='bbox 229 3153 418 3210; x_wconf 87' lang='lat' dir='ltr'><strong><em>testimonium</em></strong></span> <span class='ocrx_word' id='word_1_202' title='bbox 440 3152 561 3221; x_wconf 87' lang='lat' dir='ltr'><strong><em>firmare,</em></strong></span> <span class='ocrx_word' id='word_1_203' title='bbox 584 3151 676 3216; x_wconf 85' lang='lat' dir='ltr'><strong><em>nobis,</em></strong></span> <span class='ocrx_word' id='word_1_204' title='bbox 699 3151 742 3207; x_wconf 81' lang='lat' dir='ltr'><strong><em>vei</em></strong></span> <span class='ocrx_word' id='word_1_205' title='bbox 764 3150 812 3223; x_wconf 91' lang='lat' dir='ltr'><strong><em>qui</em></strong></span> <span class='ocrx_word' id='word_1_206' title='bbox 834 3151 862 3207; x_wconf 91' lang='lat' dir='ltr'><strong><em>in</em></strong></span> <span class='ocrx_word' id='word_1_207' title='bbox 884 3157 1009 3224; x_wconf 88' lang='lat' dir='ltr'><strong><em>tempore</em></strong></span> <span class='ocrx_word' id='word_1_208' title='bbox 1035 3151 1166 3225; x_wconf 89' lang='lat' dir='ltr'><strong><em>princeps</em></strong></span> <span class='ocrx_word' id='word_1_209' title='bbox 1186 3153 1280 3224; x_wconf 86' lang='lat' dir='ltr'><strong><em>luerit,</em></strong></span> 
     </span>
     <span class='ocr_line' id='line_1_28' title="bbox 228 3245 1284 3324; baseline -0.002 -16"><span class='ocrx_word' id='word_1_210' title='bbox 228 3253 269 3308; x_wconf 86' lang='lat' dir='ltr'><strong><em>vel</em></strong></span> <span class='ocrx_word' id='word_1_211' title='bbox 294 3250 384 3324; x_wconf 84' lang='lat' dir='ltr'><strong><em>judici</em></strong></span> <span class='ocrx_word' id='word_1_212' title='bbox 413 3251 523 3308; x_wconf 85' lang='lat' dir='ltr'><strong><em>firmare</em></strong></span> <span class='ocrx_word' id='word_1_213' title='bbox 551 3250 676 3305; x_wconf 88' lang='lat' dir='ltr'><strong><em>deveant.</em></strong></span> <span class='ocrx_word' id='word_1_214' title='bbox 719 3249 755 3304; x_wconf 90' lang='lat' dir='ltr'><strong><em>Et</em></strong></span> <span class='ocrx_word' id='word_1_215' title='bbox 784 3249 807 3305; x_wconf 92' lang='lat' dir='ltr'><strong><em>si</em></strong></span> <span class='ocrx_word' id='word_1_216' title='bbox 839 3249 958 3305; x_wconf 89' lang='lat' dir='ltr'><strong><em>hominis</em></strong></span> <span class='ocrx_word' id='word_1_217' title='bbox 989 3250 1062 3306; x_wconf 90' lang='lat' dir='ltr'><strong><em>inter</em></strong></span> <span class='ocrx_word' id='word_1_218' title='bbox 1092 3266 1149 3306; x_wconf 91' lang='lat' dir='ltr'><strong><em>nou</em></strong></span> <span class='ocrx_word' id='word_1_219' title='bbox 1172 3245 1284 3308; x_wconf 81' lang='lat' dir='ltr'><strong><em>luerent</em></strong></span> 
     </span>
     <span class='ocr_line' id='line_1_29' title="bbox 229 3347 1284 3423; baseline 0.002 -19"><span class='ocrx_word' id='word_1_220' title='bbox 229 3351 342 3423; x_wconf 86' lang='lat' dir='ltr'><strong><em>quando</em></strong></span> <span class='ocrx_word' id='word_1_221' title='bbox 373 3348 526 3419; x_wconf 86' lang='lat' dir='ltr'><strong><em>wadiatur,</em></strong></span> <span class='ocrx_word' id='word_1_222' title='bbox 564 3347 736 3420; x_wconf 88' lang='lat' dir='ltr'><strong><em>quicumque</em></strong></span> <span class='ocrx_word' id='word_1_223' title='bbox 765 3347 844 3422; x_wconf 89' lang='lat' dir='ltr'><strong><em>quasi</em></strong></span> <span class='ocrx_word' id='word_1_224' title='bbox 873 3347 1065 3420; x_wconf 83' lang='lat' dir='ltr'><strong><em>fidejussorem</em></strong></span> <span class='ocrx_word' id='word_1_225' title='bbox 1096 3349 1284 3421; x_wconf 84' lang='lat' dir='ltr'><strong><em>pigneraverit</em></strong></span> 
     </span>
     <span class='ocr_line' id='line_1_30' title="bbox 228 3446 695 3520; baseline -0.009 -14"><span class='ocrx_word' id='word_1_226' title='bbox 228 3454 370 3520; x_wconf 85' lang='lat' dir='ltr'><strong><em>conponat</em></strong></span> <span class='ocrx_word' id='word_1_227' title='bbox 390 3447 462 3502; x_wconf 90' lang='lat' dir='ltr'><strong><em>sicut</em></strong></span> <span class='ocrx_word' id='word_1_228' title='bbox 482 3462 565 3518; x_wconf 89' lang='lat' dir='ltr'><strong><em>supra</em></strong></span> <span class='ocrx_word' id='word_1_229' title='bbox 585 3446 695 3516; x_wconf 84' lang='lat' dir='ltr'><strong><em>legitur.</em></strong></span> 
     </span>
    </p>

    <p class='ocr_par' dir='ltr' id='par_1_10' title="bbox 228 3541 1283 4500">
     <span class='ocr_line' id='line_1_31' title="bbox 309 3541 1282 3620; baseline 0.001 -20"><span class='ocrx_word' id='word_1_230' title='bbox 309 3541 371 3620; x_wconf 86' lang='lat' dir='ltr'><strong><em>(u.)</em></strong></span> <span class='ocrx_word' id='word_1_231' title='bbox 391 3545 452 3603; x_wconf 80' lang='grc'><strong><em>16.</em></strong></span> <span class='ocrx_word' id='word_1_232' title='bbox 475 3543 505 3599; x_wconf 91' lang='lat' dir='ltr'><strong><em>Si</em></strong></span> <span class='ocrx_word' id='word_1_233' title='bbox 527 3543 589 3616; x_wconf 88' lang='lat' dir='ltr'><strong><em>quis</em></strong></span> <span class='ocrx_word' id='word_1_234' title='bbox 609 3541 775 3599; x_wconf 86' lang='lat' dir='ltr'><strong><em>mutuaverit</em></strong></span> <span class='ocrx_word' id='word_1_235' title='bbox 795 3541 900 3598; x_wconf 91' lang='lat' dir='ltr'><strong><em>solidos</em></strong></span> <span class='ocrx_word' id='word_1_236' title='bbox 918 3541 1086 3616; x_wconf 86' lang='lat' dir='ltr'><strong><em>cuicumque</em></strong></span> <span class='ocrx_word' id='word_1_237' title='bbox 1105 3544 1211 3601; x_wconf 89' lang='lat' dir='ltr'><strong><em>homini</em></strong></span> <span class='ocrx_word' id='word_1_238' title='bbox 1232 3562 1282 3617; x_wconf 89' lang='lat' dir='ltr'><strong><em>per</em></strong></span> 
     </span>
     <span class='ocr_line' id='line_1_32' title="bbox 229 3639 1283 3714; baseline -0.001 -14"><span class='ocrx_word' id='word_1_239' title='bbox 229 3642 377 3712; x_wconf 83' lang='lat' dir='ltr'><strong><em>cautione,</em></strong></span> <span class='ocrx_word' id='word_1_240' title='bbox 400 3641 423 3697; x_wconf 90' lang='lat' dir='ltr'><strong><em>si</em></strong></span> <span class='ocrx_word' id='word_1_241' title='bbox 445 3643 516 3698; x_wconf 90' lang='lat' dir='ltr'><strong><em>iutra</em></strong></span> <span class='ocrx_word' id='word_1_242' title='bbox 539 3642 665 3714; x_wconf 88' lang='lat' dir='ltr'><strong><em>quinque</em></strong></span> <span class='ocrx_word' id='word_1_243' title='bbox 687 3657 775 3696; x_wconf 89' lang='lat' dir='ltr'><strong><em>annos</em></strong></span> <span class='ocrx_word' id='word_1_244' title='bbox 796 3639 917 3696; x_wconf 83' lang='lat' dir='ltr'><strong><em>creditor</em></strong></span> <span class='ocrx_word' id='word_1_245' title='bbox 938 3641 1102 3712; x_wconf 88' lang='lat' dir='ltr'><strong><em>pulsaverit,</em></strong></span> <span class='ocrx_word' id='word_1_246' title='bbox 1126 3649 1155 3697; x_wconf 90' lang='lat' dir='ltr'><strong><em>et</em></strong></span> <span class='ocrx_word' id='word_1_247' title='bbox 1175 3642 1283 3699; x_wconf 89' lang='lat' dir='ltr'><strong><em>devitor</em></strong></span> 
     </span>
     <span class='ocr_line' id='line_1_33' title="bbox 230 3738 1281 3812; baseline 0 -14"><span class='ocrx_word' id='word_1_248' title='bbox 230 3757 287 3798; x_wconf 93' lang='lat' dir='ltr'><strong><em>non</em></strong></span> <span class='ocrx_word' id='word_1_249' title='bbox 308 3739 436 3797; x_wconf 88' lang='lat' dir='ltr'><strong><em>habuerit</em></strong></span> <span class='ocrx_word' id='word_1_250' title='bbox 457 3739 533 3795; x_wconf 89' lang='lat' dir='ltr'><strong><em>unde</em></strong></span> <span class='ocrx_word' id='word_1_251' title='bbox 554 3741 671 3809; x_wconf 86' lang='lat' dir='ltr'><strong><em>solvere,</em></strong></span> <span class='ocrx_word' id='word_1_252' title='bbox 693 3745 843 3795; x_wconf 88' lang='lat' dir='ltr'><strong><em>renovetur</em></strong></span> <span class='ocrx_word' id='word_1_253' title='bbox 858 3738 949 3796; x_wconf 87' lang='lat' dir='ltr'><strong><em>cautio</em></strong></span> <span class='ocrx_word' id='word_1_254' title='bbox 965 3739 1024 3810; x_wconf 88' lang='lat' dir='ltr'><strong><em>ipsa</em></strong></span> <span class='ocrx_word' id='word_1_255' title='bbox 1042 3755 1130 3812; x_wconf 84' lang='lat' dir='ltr'><strong><em>usqae</em></strong></span> <span class='ocrx_word' id='word_1_256' title='bbox 1145 3741 1180 3796; x_wconf 87' lang='lat' dir='ltr'><strong><em>ad</em></strong></span> <span class='ocrx_word' id='word_1_257' title='bbox 1192 3757 1281 3798; x_wconf 81' lang='lat' dir='ltr'><strong><em>annos</em></strong></span> 
     </span>
     <span class='ocr_line' id='line_1_34' title="bbox 229 3836 1278 3910; baseline 0.001 -14"><span class='ocrx_word' id='word_1_258' title='bbox 229 3839 346 3904; x_wconf 85' lang='lat' dir='ltr'><strong><em>decem;</em></strong></span> <span class='ocrx_word' id='word_1_259' title='bbox 369 3845 397 3894; x_wconf 89' lang='lat' dir='ltr'><strong><em>et</em></strong></span> <span class='ocrx_word' id='word_1_260' title='bbox 416 3836 439 3898; x_wconf 92' lang='lat' dir='ltr'><strong><em>si</em></strong></span> <span class='ocrx_word' id='word_1_261' title='bbox 460 3837 532 3894; x_wconf 87' lang='lat' dir='ltr'><strong><em>intra</em></strong></span> <span class='ocrx_word' id='word_1_262' title='bbox 544 3837 640 3895; x_wconf 89' lang='lat' dir='ltr'><strong><em>decem</em></strong></span> <span class='ocrx_word' id='word_1_263' title='bbox 661 3853 750 3893; x_wconf 89' lang='lat' dir='ltr'><strong><em>annos</em></strong></span> <span class='ocrx_word' id='word_1_264' title='bbox 763 3838 888 3908; x_wconf 86' lang='lat' dir='ltr'><strong><em>pulsatus</em></strong></span> <span class='ocrx_word' id='word_1_265' title='bbox 906 3837 999 3902; x_wconf 87' lang='lat' dir='ltr'><strong><em>luerit,</em></strong></span> <span class='ocrx_word' id='word_1_266' title='bbox 1022 3844 1051 3893; x_wconf 90' lang='lat' dir='ltr'><strong><em>et</em></strong></span> <span class='ocrx_word' id='word_1_267' title='bbox 1071 3855 1127 3893; x_wconf 94' lang='lat' dir='ltr'><strong><em>non</em></strong></span> <span class='ocrx_word' id='word_1_268' title='bbox 1144 3839 1278 3910; x_wconf 88' lang='lat' dir='ltr'><strong><em>redderit,</em></strong></span> 
     </span>
     <span class='ocr_line' id='line_1_35' title="bbox 229 3926 1278 4009; baseline 0.001 -16"><span class='ocrx_word' id='word_1_269' title='bbox 229 3945 258 3993; x_wconf 90' lang='lat' dir='ltr'><strong><em>et</em></strong></span> <span class='ocrx_word' id='word_1_270' title='bbox 267 3935 422 3994; x_wconf 87' lang='lat' dir='ltr'><strong><em>dilataverit</em></strong></span> <span class='ocrx_word' id='word_1_271' title='bbox 436 3951 524 4007; x_wconf 82' lang='lat' dir='ltr'><strong><em>usque</em></strong></span> <span class='ocrx_word' id='word_1_272' title='bbox 535 3933 569 3990; x_wconf 92' lang='lat' dir='ltr'><strong><em>ad</em></strong></span> <span class='ocrx_word' id='word_1_273' title='bbox 579 3949 722 4002; x_wconf 84' lang='lat' dir='ltr'><strong><em>xxarrnos,</em></strong></span> <span class='ocrx_word' id='word_1_274' title='bbox 734 3942 761 3990; x_wconf 91' lang='lat' dir='ltr'><strong><em>et</em></strong></span> <span class='ocrx_word' id='word_1_275' title='bbox 771 3934 1046 4006; x_wconf 88' lang='lat' dir='ltr'><strong><em>lueritpulsatnsaut</em></strong></span> <span class='ocrx_word' id='word_1_276' title='bbox 1055 3926 1105 4008; x_wconf 87' lang='lat' dir='ltr'><strong><em>per</em></strong></span> <span class='ocrx_word' id='word_1_277' title='bbox 1113 3936 1278 4009; x_wconf 88' lang='lat' dir='ltr'><strong><em>principem,</em></strong></span> 
     </span>
     <span class='ocr_line' id='line_1_36' title="bbox 229 4031 1281 4108; baseline -0.003 -15"><span class='ocrx_word' id='word_1_278' title='bbox 229 4041 275 4092; x_wconf 92' lang='lat' dir='ltr'><strong><em>aut</em></strong></span> <span class='ocrx_word' id='word_1_279' title='bbox 290 4050 340 4108; x_wconf 89' lang='lat' dir='ltr'><strong><em>per</em></strong></span> <span class='ocrx_word' id='word_1_280' title='bbox 351 4034 474 4106; x_wconf 87' lang='lat' dir='ltr'><strong><em>judicem</em></strong></span> <span class='ocrx_word' id='word_1_281' title='bbox 486 4032 611 4098; x_wconf 90' lang='lat' dir='ltr'><strong><em>civitatis,</em></strong></span> <span class='ocrx_word' id='word_1_282' title='bbox 631 4039 658 4088; x_wconf 93' lang='lat' dir='ltr'><strong><em>et</em></strong></span> <span class='ocrx_word' id='word_1_283' title='bbox 668 4039 811 4105; x_wconf 88' lang='lat' dir='ltr'><strong><em>provatum</em></strong></span> <span class='ocrx_word' id='word_1_284' title='bbox 822 4031 914 4102; x_wconf 84' lang='lat' dir='ltr'><strong><em>fuerit,</em></strong></span> <span class='ocrx_word' id='word_1_285' title='bbox 932 4031 992 4106; x_wconf 89' lang='lat' dir='ltr'><strong><em>ipsa</em></strong></span> <span class='ocrx_word' id='word_1_286' title='bbox 1002 4033 1160 4091; x_wconf 90' lang='lat' dir='ltr'><strong><em>cautionem</em></strong></span> <span class='ocrx_word' id='word_1_287' title='bbox 1173 4035 1281 4092; x_wconf 90' lang='lat' dir='ltr'><strong><em>devitor</em></strong></span> 
     </span>
     <span class='ocr_line' id='line_1_37' title="bbox 230 4129 1280 4204; baseline -0.002 -14"><span class='ocrx_word' id='word_1_288' title='bbox 230 4131 382 4201; x_wconf 79' lang='lat' dir='ltr'><strong><em>etheredis</em></strong></span> <span class='ocrx_word' id='word_1_289' title='bbox 403 4131 463 4204; x_wconf 89' lang='lat' dir='ltr'><strong><em>ejus</em></strong></span> <span class='ocrx_word' id='word_1_290' title='bbox 484 4132 650 4204; x_wconf 85' lang='lat' dir='ltr'><strong><em>persolvant.</em></strong></span> <span class='ocrx_word' id='word_1_291' title='bbox 673 4130 743 4186; x_wconf 85' lang='lat' dir='ltr'><strong><em>Nam</em></strong></span> <span class='ocrx_word' id='word_1_292' title='bbox 763 4129 785 4185; x_wconf 90' lang='lat' dir='ltr'><strong><em>si</em></strong></span> <span class='ocrx_word' id='word_1_293' title='bbox 808 4146 858 4185; x_wconf 90' lang='lat' dir='ltr'><strong><em>nec</em></strong></span> <span class='ocrx_word' id='word_1_294' title='bbox 874 4130 966 4188; x_wconf 87' lang='lat' dir='ltr'><strong><em>cautio</em></strong></span> <span class='ocrx_word' id='word_1_295' title='bbox 988 4130 1072 4188; x_wconf 88' lang='lat' dir='ltr'><strong><em>luerit</em></strong></span> <span class='ocrx_word' id='word_1_296' title='bbox 1090 4131 1161 4190; x_wconf 92' lang='lat' dir='ltr'><strong><em>iutra</em></strong></span> <span class='ocrx_word' id='word_1_297' title='bbox 1184 4134 1280 4189; x_wconf 89' lang='lat' dir='ltr'><strong><em>decem</em></strong></span> 
     </span>
     <span class='ocr_line' id='line_1_38' title="bbox 229 4226 1279 4301; baseline -0.001 -15"><span class='ocrx_word' id='word_1_298' title='bbox 229 4245 318 4287; x_wconf 84' lang='lat' dir='ltr'><strong><em>annos</em></strong></span> <span class='ocrx_word' id='word_1_299' title='bbox 339 4231 389 4286; x_wconf 86' lang='lat' dir='ltr'><strong><em>bes</em></strong></span> <span class='ocrx_word' id='word_1_300' title='bbox 410 4235 555 4299; x_wconf 85' lang='lat' dir='ltr'><strong><em>renovata,</em></strong></span> <span class='ocrx_word' id='word_1_301' title='bbox 588 4243 680 4300; x_wconf 88' lang='lat' dir='ltr'><strong><em>neque</em></strong></span> <span class='ocrx_word' id='word_1_302' title='bbox 702 4226 856 4301; x_wconf 88' lang='lat' dir='ltr'><strong><em>principem</em></strong></span> <span class='ocrx_word' id='word_1_303' title='bbox 876 4229 920 4284; x_wconf 88' lang='lat' dir='ltr'><strong><em>vel</em></strong></span> <span class='ocrx_word' id='word_1_304' title='bbox 944 4229 1068 4300; x_wconf 84' lang='lat' dir='ltr'><strong><em>judicem</em></strong></span> <span class='ocrx_word' id='word_1_305' title='bbox 1089 4238 1199 4290; x_wconf 88' lang='lat' dir='ltr'><strong><em>ostensa</em></strong></span> <span class='ocrx_word' id='word_1_306' title='bbox 1219 4230 1279 4287; x_wconf 90' lang='lat' dir='ltr'><strong><em>sibe</em></strong></span> 
     </span>
     <span class='ocr_line' id='line_1_39' title="bbox 228 4326 1279 4402; baseline 0.001 -19"><span class='ocrx_word' id='word_1_307' title='bbox 228 4327 408 4386; x_wconf 83' lang='lat' dir='ltr'><strong><em>manetestata</em></strong></span> <span class='ocrx_word' id='word_1_308' title='bbox 429 4343 518 4402; x_wconf 87' lang='lat' dir='ltr'><strong><em>usque</em></strong></span> <span class='ocrx_word' id='word_1_309' title='bbox 540 4327 574 4384; x_wconf 88' lang='lat' dir='ltr'><strong><em>ad</em></strong></span> <span class='ocrx_word' id='word_1_310' title='bbox 595 4343 632 4382; x_wconf 83' lang='lat' dir='ltr'><strong><em>xx</em></strong></span> <span class='ocrx_word' id='word_1_311' title='bbox 651 4343 750 4396; x_wconf 92' lang='lat' dir='ltr'><strong><em>annos,</em></strong></span> <span class='ocrx_word' id='word_1_312' title='bbox 771 4327 898 4400; x_wconf 87' lang='lat' dir='ltr'><strong><em>juvemus</em></strong></span> <span class='ocrx_word' id='word_1_313' title='bbox 920 4335 950 4384; x_wconf 88' lang='lat' dir='ltr'><strong><em>ut</em></strong></span> <span class='ocrx_word' id='word_1_314' title='bbox 970 4326 1093 4384; x_wconf 88' lang='lat' dir='ltr'><strong><em>creditor</em></strong></span> <span class='ocrx_word' id='word_1_315' title='bbox 1112 4328 1279 4401; x_wconf 88' lang='lat' dir='ltr'><strong><em>posmodum</em></strong></span> 
     </span>
     <span class='ocr_line' id='line_1_40' title="bbox 230 4421 1278 4500; baseline 0.002 -20"><span class='ocrx_word' id='word_1_316' title='bbox 230 4431 331 4494; x_wconf 85' lang='lat' dir='ltr'><strong><em>taceat,</em></strong></span> <span class='ocrx_word' id='word_1_317' title='bbox 355 4432 382 4480; x_wconf 90' lang='lat' dir='ltr'><strong><em>et</em></strong></span> <span class='ocrx_word' id='word_1_318' title='bbox 404 4426 507 4482; x_wconf 89' lang='lat' dir='ltr'><strong><em>nullam</em></strong></span> <span class='ocrx_word' id='word_1_319' title='bbox 530 4425 630 4483; x_wconf 89' lang='lat' dir='ltr'><strong><em>habeat</em></strong></span> <span class='ocrx_word' id='word_1_320' title='bbox 650 4423 778 4482; x_wconf 83' lang='lat' dir='ltr'><strong><em>secundia</em></strong></span> <span class='ocrx_word' id='word_1_321' title='bbox 797 4421 968 4482; x_wconf 84' lang='lat' dir='ltr'><strong><em>devitoribus</em></strong></span> <span class='ocrx_word' id='word_1_322' title='bbox 989 4424 1045 4482; x_wconf 89' lang='lat' dir='ltr'><strong><em>suis</em></strong></span> <span class='ocrx_word' id='word_1_323' title='bbox 1060 4423 1278 4500; x_wconf 69' lang='lat' dir='ltr'><strong><em>requirendum</em></strong></span> 
     </span>
    </p>
   </div>
   <div class='ocr_carea' id='block_1_9' title="bbox 0 0 1528 5130">
    <p class='ocr_par' dir='ltr' id='par_1_11' title="bbox 0 0 1528 5130">
     <span class='ocr_line' id='line_1_41' title="bbox 0 0 1528 5130; baseline 0 1"><span class='ocrx_word' id='word_1_324' title='bbox 0 0 1528 5130; x_wconf 95' lang='lat' dir='ltr'><strong><em> </em></strong></span> 
     </span>
    </p>
   </div>
  </div>
 </body>
</html>
