3022 5144
247 421 311 486 122
633 439 801 486 fflsssaun
824 439 915 488 secra

243 607 356 677 naimo,
386 607 493 680 etipse
514 606 657 677 gasindius
678 614 750 664 stare
777 607 900 664 debeant
919 607 948 664 in
967 603 1106 679 judicium
1125 603 1241 677 ipsivins
1258 604 1305 677 ju-

244 705 331 769 dicim
353 712 381 761 et
401 705 460 776 ipse
478 705 559 777 judin
580 703 687 760 emittet
704 704 861 777 judicatum
881 721 975 760 suum.
1008 703 1039 759 Si
1061 702 1136 758 enim
1157 709 1253 774 postea
1276 701 1303 756 ei

243 803 375 876 apperuit
394 804 472 875 quod
493 803 603 872 legibus
624 817 682 857 non
700 801 869 873 judicasset,
901 807 1068 858 venatuum
1093 799 1154 870 ipso
1177 798 1304 871 judicato

244 901 272 956 in
294 900 433 973 presentia
455 907 559 959 nosue.

591 1055 752 1107 exsulem
772 1056 796 1107 Α
814 1056 949 1108 DOMNO.

561 1205 988 1286 ustulando.

668 1419 880 1432 Ἤ

616 1591 751 1664 nanu
768 1591 933 1666 urrann

455 1755 837 1866 sulsuuoul
871 1753 1094 1865 neuls.

554 2064 681 2116 INCtPlT
701 2065 744 2116 DE
763 2064 858 2117 ANNO
877 2063 995 2118 emmo,

520 2186 655 2254 (Ketendts
690 2192 801 2248 mentis,
837 2201 904 2240 enno
935 2185 1046 2256 DCCL.)
1152 2169 1155 2180 ¹

588 2311 781 2374 VOLUMEN
804 2311 969 2378 PRIMUM.

326 2454 361 2512 In
389 2458 562 2527 ommatium
587 2463 611 2512 et
638 2462 758 2528 tempora
786 2459 961 2528 antiquorum
980 2455 1225 2529 Lanpobardarum
1243 2473 1306 2529 per-

247 2555 377 2610 miserunt
399 2562 424 2610 et
440 2556 614 2624 antiquorum
624 2571 735 2610 cuorum
749 2556 936 2626 dispositioncs
953 2552 1106 2627 (corrigere
1116 2562 1144 2610 et
1154 2555 1305 2625 adaugere,

248 2649 325 2721 quod
338 2659 366 2706 et
374 2651 534 2706 decessores
544 2650 647 2723 nostri)
667 2669 750 2723 arque
770 2669 843 2710 nunc
862 2660 1045 2712 inuenerunt.
1067 2650 1121 2708 Sed
1140 2655 1231 2722 modo,
1254 2663 1306 2710 du-

247 2748 529 2804 eitianthomimo
549 2756 668 2806 nostro
687 2748 811 2806 aflusu
836 2746 1012 2818 CHRISTO,
1043 2746 1243 2818 Aietotsur,
1275 2752 1307 2806 in

247 2828 332 2917 ipsius
352 2847 461 2902 nomine
480 2862 530 2902 rea
543 2848 629 2918 pentir
639 2845 893 2918 Lanpoiardorum,
917 2849 1048 2904 traditum
1061 2847 1139 2902 nodie
1159 2865 1178 2902 a
1189 2845 1308 2904 Domino

245 2945 373 3016 populum
392 2944 593 3011 Rornanorum,
617 2959 690 2998 anno
710 2945 788 3015 repni
808 2947 895 3000 nostri
912 2946 1019 3015 pdmn,
1043 2946 1193 3001 indictione
1213 2948 1304 3010 tertia.

247 3043 381 3097 residente
400 3043 477 3097 intra
498 3040 622 3096 Ticinum
642 3042 673 3096 in
691 3042 797 3112 palatio
816 3049 909 3097 nostro
928 3059 985 3098 una
1005 3059 1066 3098 cum
1085 3045 1187 3098 cunctis
1201 3045 1307 3115 judici-

248 3141 296 3196 dur
325 3146 349 3196 et
368 3139 560 3211 Lanpoburdis
584 3141 774 3195 universarum
791 3141 999 3211 prouinciarum
1018 3147 1190 3196 nostrarum:
1214 3143 1306 3212 preci·

247 3240 335 3293 dimne
356 3239 444 3307 enim,
477 3245 506 3293 ut
527 3255 587 3293 oum
608 3237 721 3294 Edictus
741 3236 986 3310 Langobardorum
1012 3240 1187 3310 antiquorum
1214 3255 1307 3311 rapum

246 3351 428 3405 processeram
447 3344 601 3392 nostrornm
620 3336 710 3403 [unat
730 3337 884 3404 institutus,
913 3351 1011 3404 parum
1038 3336 1068 3390 in
1089 3337 1145 3406 dus
1173 3337 1308 3392 uolumine

248 3433 382 3502 aduupcri
401 3435 433 3489 in
453 3435 628 3503 capitularem
649 3433 759 3504 adipem
779 3435 823 3488 die
843 3433 1022 3488 tratmdarum
1041 3435 1211 3488 martiarum.

329 3526 378 3602 (1.)
405 3532 438 3586 1.
469 3531 563 3586 Primo
586 3531 711 3586 omnium
733 3537 889 3587 statuerunt
910 3530 945 3586 de
967 3529 1133 3586 donationes
1153 3530 1215 3585 illes
1236 3546 1308 3602 quae

249 3627 318 3683 secte
339 3635 405 3683 sunt
425 3628 561 3684 nRscnrs
583 3645 648 3698 rege
670 3635 697 3684 et
713 3629 808 3686 Tarsia
829 3628 948 3700 conjuge
971 3627 1068 3699 ipsius,
1094 3635 1123 3683 ut
1144 3628 1237 3686 omnia
1259 3628 1307 3685 itta

249 3735 398 3798 precepta,
432 3742 505 3799 quae
534 3734 630 3799 postea
658 3727 727 3782 iacta
756 3734 822 3782 sunt
842 3734 991 3799 postquem
1011 3727 1135 3784 Arsrosr
1156 3727 1245 3784 iectus
1266 3734 1309 3783 cst

249 3843 307 3895 rex,
331 3833 402 3882 stare
416 3826 576 3882 nullatenus
593 3824 725 3893 debeant,
749 3824 801 3880 nisi
823 3840 873 3896 per
891 3828 1075 3880 Anrsronrun
1096 3839 1190 3895 regem
1211 3824 1237 3882 ei
1259 3824 1307 3881 de-

249 3940 307 3980 nuo
329 3926 374 3980 cui
396 3924 532 3980 donatum
553 3929 594 3978 est
615 3922 699 3978 suerii
719 3939 893 3983 concessum.

328 4022 389 4096 (Π.)
412 4026 449 4083 θ.
470 4023 511 4078 De
532 4023 595 4078 illos
618 4021 744 4079 homines
766 4023 814 4093 qui
836 4029 954 4094 possunt
973 4021 1089 4078 loricam
1110 4019 1254 4084 haberent,
1279 4027 1307 4076 et

249 4122 365 4180 minime
380 4123 494 4191 habent,
516 4122 557 4177 vet
573 4121 696 4196 minores
712 4120 841 4176 homines
854 4119 903 4193 qui
919 4125 1038 4192 possunt
1055 4119 1158 4175 habere
1175 4121 1304 4187 cavallos,

247 4228 326 4276 scuto
348 4228 376 4276 et
395 4221 512 4290 lancee,
545 4228 573 4276 et
594 4219 709 4276 minime
731 4219 850 4289 hebent,
883 4221 924 4276 vel
956 4219 997 4274 illi
1019 4217 1147 4274 homines
1177 4217 1226 4290 qui
1248 4233 1305 4273 non

249 4327 367 4390 possunt
397 4318 499 4375 hebere
531 4335 582 4374 nec
609 4318 714 4374 hebent
736 4317 811 4372 unde
833 4333 1022 4387 congregare,
1055 4315 1176 4372 debeant
1204 4315 1306 4370 hebere

248 4423 327 4475 scuto
347 4422 375 4473 et
391 4432 516 4476 coccore.
547 4417 584 4474 Et
605 4417 681 4474 stetit
708 4423 738 4472 ut
758 4415 806 4473 ille
827 4415 912 4472 homo
934 4414 984 4487 qni
1003 4413 1085 4471 habet
1106 4420 1213 4486 septem
1229 4428 1306 4470 ceses
