3022 5144
1189 540 1230 604 ΩΒ

176 691 180 700 ¹
226 714 420 780 firmaverim*
447 719 602 779 Romanos
632 737 693 779 aen
726 717 784 778 nisi
820 727 889 798 post
926 720 1117 782 Garnuaiiam
1158 743 1230 783 vasa

226 827 404 898 adhibuisse
440 829 648 913 (fallacissima
667 831 835 894 ‘sententia
867 833 964 896 innixi
994 833 1109 895 circum
1140 853 1230 914 prae·

226 942 342 1004 dimum
374 941 463 1004 huius
493 942 620 1026 Augusti
650 961 729 1024 opus
760 963 845 1015 esse,
879 963 949 1006 eum
974 946 1159 1026 posteriores
1182 947 1230 1007 in-

227 1054 461 1135 vestigationes,
497 1054 618 1116 detecta
648 1055 867 1136 inscriptIeue,
893 1077 1005 1120 uerum
1023 1059 1230 1121 restituerint

225 1163 410 1250 auctorem),
437 1186 494 1248 ege
520 1187 592 1229 vero
617 1187 690 1229 vasa
715 1168 789 1242 vidi,
816 1169 876 1231 imo
900 1171 1067 1252 amphoras
1091 1180 1225 1244 ansatas,

225 1279 257 1340 in
289 1277 431 1341 aedeficii
464 1279 623 1342 cuiusdam
646 1280 924 1344 substructionibus
963 1303 1003 1346 ex
1037 1282 1226 1364 empIecton‚
1272 1343 1275 1351 ,
1392 1335 1393 1342 ,

226 1411 303 1474 quas
327 1411 376 1453 me
400 1392 468 1473 ipso
491 1392 648 1460 intuente,
684 1393 840 1475 Augustae
863 1395 1040 1458 Praetoriae
1068 1396 1099 1456 in
1130 1395 1230 1458 iucem
1280 1403 1287 1451 .'

225 1493 718 1590 prodieruntannouncccxxxrx.
747 1506 834 1568 ouius
851 1508 956 1588 oppidi
982 1509 1097 1572 nullum
1122 1530 1229 1572 saxum

226 1591 358 1680 habetur
386 1618 469 1700 quod
498 1617 659 1680 Octaviani
687 1619 815 1701 Augusti
850 1627 982 1683 aetatem
1016 1641 1077 1682 non
1101 1621 1227 1694 referat,

224 1729 399 1810 ipse-enim
422 1751 500 1792 unus
524 1730 677 1792 coloniam
700 1731 805 1798 duxit,
834 1732 968 1812 templa,
995 1734 1099 1808 aedes,
1127 1737 1230 1798 muros

225 1841 329 1915 dedit,
366 1841 512 1923 nullaque
547 1851 699 1905 structura
735 1852 799 1913 est,
841 1843 923 1906 nulia
961 1845 1119 1926 inscriptio
1147 1867 1229 1927 quae

224 1954 411 2034 posteriores
435 1954 582 2018 Caesares
607 1965 756 2019 memoret
786 1957 834 2018 vei
867 1955 942 2039 ipsis
972 1958 1134 2022 referatur.
1181 1961 1228 2023 En
1290 2003 1292 2008 -

225 2085 298 2147 ergo
324 2086 464 2128 vasorum
488 2087 562 2129 usus
585 2090 603 2131 a
627 2069 773 2132 Romanis
797 2077 942 2151 acceptus
965 2073 1104 2153 Augusto
1128 2073 1226 2154 impe-

224 2187 321 2244 rante.
369 2181 455 2241 Nunc
479 2182 518 2243 de
542 2201 650 2243 eorum
673 2181 775 2245 officie
800 2183 918 2256 dicam,
945 2184 997 2245 ubi
1021 2185 1098 2249 alius
1123 2186 1228 2270 vulga-

224 2299 273 2353 tus
303 2312 407 2365 error;
442 2294 537 2356 nostri
573 2295 655 2356 enirn
686 2296 851 2375 scriptores
883 2294 1019 2371 habent,
1053 2300 1174 2360 nonnisi
1197 2301 1227 2362 in

140 2461 144 2474 ,
225 2405 317 2468 tholis
347 2413 379 2468 et
401 2405 570 2474 fornicibus
593 2427 666 2470 vasa
689 2407 827 2494 adhibita
857 2407 969 2470 fuisse:
1001 2409 1137 2475 adferam
1171 2433 1228 2496 ego

226 2526 410 2582 memoratas
444 2519 610 2600 amphoras
638 2522 794 2602 Augustae
828 2516 1002 2584 Praetoriae
1032 2532 1174 2587 extantes
1197 2527 1227 2587 in

223 2631 523 2706 substructionibus,
563 2633 700 2696 adferam
740 2653 820 2715 quae
856 2634 995 2697 visuntur
1027 2641 1229 2719 (quamquam

225 2745 352 2807 eruditis
374 2743 494 2828 ignota)
518 2747 634 2808 Itomae
658 2747 695 2808 ad
720 2754 841 2827 portam
862 2746 1064 2816 Tiburtinam,
1091 2751 1228 2833 itemque

225 2876 322 2938 prope
347 2857 574 2939 Nymphaeum,
601 2859 644 2922 uti
669 2867 794 2927 vocant,
821 2851 971 2942 Egeriae,
1007 2862 1060 2923 uhi
1092 2864 1226 2944 parietes

224 2976 364 3051 prostant
388 2970 545 3064 amphoris
569 2971 702 3055 ollisque
725 2971 867 3040 refertae.

274 3147 277 3158 ,
311 3082 440 3148 Veteres
473 3085 588 3166 itaque,
617 3085 789 3166 optimique
820 3087 888 3148 aevi
913 3087 1073 3149 architecti
1097 3107 1170 3150 vasa
1194 3090 1227 3152 in

226 3216 322 3279 opere
344 3195 495 3260 fornicato
519 3217 619 3279 aeque
651 3205 681 3260 et
704 3199 735 3260 iu
767 3199 862 3261 muris
894 3198 1118 3267 adhibuerunt,
1157 3208 1230 3262 tunc

225 3303 356 3372 inditum
381 3330 495 3373 nomen
514 3310 566 3372 Iex
591 3318 696 3374 nestra
720 3311 857 3387 omnium
884 3311 983 3394 prima
1007 3311 1124 3392 aperit,
1162 3332 1230 3375 cac-

198 3421 339 3484 'cabum
382 3422 518 3485 scilicet:
567 3422 699 3486 nominis
746 3432 849 3486 autem
895 3443 987 3485 causa
1029 3423 1062 3486 io
1104 3446 1142 3488 eo
1184 3435 1230 3488 est

226 3536 309 3616 quod
331 3541 498 3596 structores
516 3536 588 3597 VIII
603 3534 718 3598 saeculi
737 3535 840 3616 parvis
864 3535 956 3609 vasis,
983 3534 1101 3600 scilicet
1124 3558 1229 3601 cacca-

226 3645 284 3714 bis,
311 3647 359 3708 usi
382 3653 502 3720 essent,
534 3647 751 3710 deficientibus
775 3647 958 3710 maioribus:
990 3667 1089 3730 quam
1122 3670 1228 3713 vocem

226 3758 371 3821 Inferiore
393 3758 447 3821 iiio
469 3745 548 3821 aero
572 3759 708 3822 habitam
731 3759 841 3828 tuisse,
873 3761 985 3841 probat
1016 3770 1047 3824 et
1070 3770 1157 3824 vetus
1179 3783 1229 3824 ro·

227 3892 317 3936 mana
350 3873 477 3935 basilica
508 3874 537 3936 S.
562 3874 677 3937 Mariae
700 3873 731 3936 in
756 3873 949 3936 Caccabariis
973 3874 1074 3938 dictae
1097 3894 1114 3938 a
1138 3874 1231 3936 turba

228 3985 475 4048 caccabariorum
499 3965 650 4050 artificum
674 3987 759 4050 quta
782 3987 866 4050 iilam
890 3986 1093 4059 morantibus,
1119 3986 1230 4067 probat

228 4106 259 4159 et
281 4099 465 4168 vocabulum
489 4101 655 4169 caccabatus
677 4121 732 4168 seu
764 4100 940 4185 denigratus
962 4097 1110 4182 fuligine,
1147 4099 1229 4180 quod

228 4211 258 4272 in
282 4212 312 4278 S.
337 4212 456 4274 Paulini
493 4213 602 4276 Nolani
634 4214 723 4296 epa’st.
748 4212 790 4274 32
811 4211 940 4294 iegitur,
979 4211 1112 4293 probant
1134 4211 1230 4291 scrip·

228 4329 310 4386 tores
332 4323 375 4386 ibi
399 4323 485 4390 alieti
507 4327 546 4388 ad
565 4333 673 4390 notan
689 4325 767 4400 tw,
793 4343 915 4388 oseem
934 4323 1228 4406 apudDucaogium.
