3048 5130
260 515 280 577 6
656 531 812 578 roratum
834 531 924 576 mors

329 685 364 734 Et
380 680 588 746 normaliter
606 681 698 731 murus
715 682 745 730 tn
756 681 899 741 mondotts,
919 693 951 730 se
964 680 1055 744 atquo
1072 680 1147 744 {rous
1163 692 1209 743 psr
1222 679 1317 728 ndum

258 773 414 834 scriptorum
440 773 469 818 in
491 771 537 819 loc
554 770 675 821 Edictum
693 769 846 829 udideotur,
873 770 1006 833 rioliquo
1022 768 1101 831 suerit
1117 767 1226 818 immtlo
1243 767 1318 818 nullu

259 862 315 911 ulio
341 860 500 922 cosmplerio
528 859 648 908 credatur
666 866 712 908 out
730 859 905 920 suscipiatur,
934 857 986 906 nisi
1003 857 1072 921 quod
1088 871 1136 920 per
1152 859 1246 906 monui
1266 857 1317 906 Ars·

258 949 333 1000 ruald
349 950 455 998 notorio
472 953 560 996 nostro
587 949 710 1009 scriptum
734 953 782 996 aut
806 949 962 1010 recoquitum
989 959 1033 997 seu
1057 946 1207 1010 requisitum
1230 944 1316 1008 luerit,

257 1040 364 1102 qviper
381 1044 499 1090 nostram
511 1035 656 1099 jussionem
672 1039 783 1100 scripsit.

682 1215 891 1224 -··---—.-——-

339 1357 407 1430 Cap.
431 1359 464 1413 1.
507 1354 536 1413 si
556 1354 618 1429 quis
638 1355 782 1411 hominum
803 1362 899 1411 contra
921 1355 1043 1412 animam
1063 1355 1137 1428 regis
1157 1356 1319 1427 cogitaverit

258 1462 306 1513 aut
326 1454 529 1523 consiliaverit,
558 1453 651 1510 anime
677 1469 743 1510 suae
770 1453 894 1510 incurrat
923 1453 1097 1525 periculum,
1130 1461 1158 1510 ct
1183 1469 1227 1510 res
1258 1453 1317 1526 ejus

258 1554 429 1610 infiscentur.
913 1555 914 1558 ’

338 1653 374 1706 8.
416 1649 445 1705 Si
476 1649 538 1722 quis
567 1665 630 1705 cum
660 1665 726 1720 rege
747 1649 781 1706 de
802 1658 891 1706 morte
912 1649 1025 1706 alterius
1045 1647 1247 1713 consiliaverit,
1271 1656 1318 1706 aut

259 1748 401 1804 hominem
428 1763 478 1826 per
498 1746 584 1818 ipsius
602 1745 757 1818 jussionem
778 1747 923 1815 occiserit,
951 1747 980 1802 in
1002 1748 1079 1803 nullo
1099 1746 1135 1803 sit
1154 1745 1315 1818 culparelis,

261 1862 313 1902 nec
341 1844 388 1902 ille
409 1860 461 1900 nec
482 1843 594 1900 heredis
620 1843 678 1915 ejus
704 1859 818 1916 quoquo
845 1852 971 1916 tempore
1000 1845 1035 1901 als
1059 1844 1108 1901 illo
1134 1852 1181 1900 aut
1206 1843 1317 1900 heredis

257 1942 345 2015 ipsius
361 1941 571 2015 requisitionem
589 1947 635 1996 aut
649 1941 789 1996 molestias
809 1941 944 2012 pratiaturr
967 1942 1043 2015 quia,
1066 1949 1212 2016 postquam
1233 1941 1318 1999 corda

258 2057 355 2112 regum
375 2041 404 2097 in
426 2056 539 2096 manum
550 2039 602 2096 liei
623 2055 683 2095 esse
698 2039 847 2104 credimus,
871 2044 984 2095 nonest
1001 2041 1166 2112 possevilem
1187 2047 1217 2096 ut
1233 2040 1317 2096 homo

258 2139 346 2212 possit
365 2137 497 2194 aduniare
519 2153 602 2209 quem
623 2153 672 2192 rex
693 2136 820 2192 occidere
838 2136 958 2209 jusserit.

339 2237 375 2294 ὅ.
418 2234 448 2291 Si
469 2233 531 2308 quis
562 2235 629 2290 loris
659 2234 802 2307 provincia
829 2234 918 2307 logice
948 2235 1138 2307 temptaverit,
1170 2235 1253 2291 morti
1275 2234 1318 2291 in·

258 2339 350 2392 currat
369 2331 534 2404 periculum,
558 2338 585 2388 et
605 2348 649 2388 res
670 2331 728 2404 ejus
749 2332 919 2390 infiscentur.

337 2432 374 2487 4.
417 2430 446 2485 Si
476 2429 538 2502 quis
566 2429 696 2486 inimicus
725 2431 796 2486 intra
818 2429 959 2502 provincia
982 2429 1138 2485 invitaverit
1164 2436 1210 2486 aut
1231 2430 1318 2486 intro-

258 2527 381 2598 duxerit,
410 2526 503 2584 anime
523 2544 590 2584 suae
611 2528 734 2586 incurrat
755 2529 926 2601 periculum,
949 2535 978 2584 et
998 2545 1042 2584 res
1062 2526 1122 2600 ejus
1142 2527 1315 2585 infiscentur.

337 2625 375 2682 n.
418 2625 448 2680 Si
469 2625 532 2698 quis
553 2643 689 2683 scamaras
710 2627 783 2683 intra
805 2627 948 2698 provincia
970 2625 1103 2684 celaverit
1129 2632 1176 2682 aut
1196 2643 1318 2683 anonam

259 2722 380 2794 dederit,
404 2724 497 2781 anime
518 2740 584 2780 suae
614 2724 738 2781 incurrat
759 2723 928 2797 periculum,
965 2732 1012 2781 aut
1031 2732 1174 2798 conponat
1193 2724 1253 2795 regi
1274 2740 1319 2780 so·

259 2821 331 2878 lidos
352 2821 510 2880 nonientos.

245 2913 247 2922 '
338 2921 378 2979 θ.
420 2919 449 2976 Si
476 2919 538 2992 quis
564 2919 631 2976 loris
656 2918 686 2975 io
707 2918 859 2976 exercitum
880 2917 1046 2977 seditionem
1067 2919 1202 2975 levaverit
1219 2925 1318 2977 ¹contro

263 3016 362 3073 ducem
383 3033 462 3073 suum
484 3023 531 3074 aut
546 3024 642 3074 contra
664 3033 728 3073 eum
749 3017 798 3090 qui
813 3017 957 3073 ordinatus
975 2993 1058 3072 iuerit
1077 3030 1168 3085 aroge
1190 3015 1224 3070 ad
1239 3030 1318 3071 exer·

260 3113 345 3170 citum
367 3112 553 3185 gobernandi,
576 3122 624 3171 aut
644 3114 766 3188 aliquam
787 3122 892 3188 partem
908 3113 1060 3170 exercitum
1080 3111 1230 3181 seduxerit,
1255 3128 1317 3168 san·

258 3211 351 3282 guinis
371 3211 415 3268 sui
435 3211 562 3268 incurrat*
577 3211 740 3284 perieulum.

339 3309 372 3365 d.
415 3308 445 3365 si
475 3309 537 3382 quis
565 3317 662 3366 contra
697 3309 827 3366 inimicus
857 3310 1040 3383 pugnandum
1072 3308 1210 3380 collegam
1237 3324 1317 3364 suum

261 3404 413 3475 dimiserit,
436 3414 483 3463 aut
503 3408 621 3464 anstalin
643 3407 758 3479 iecerit,
789 3407 817 3463 id
848 3415 889 3462 est
915 3407 937 3463 si
959 3424 1023 3464 eum
1043 3407 1179 3480 diceperit
1205 3414 1317 3464 etcum

260 3519 323 3559 eum
345 3519 403 3559 non
424 3505 600 3574 laboraverit,
623 3506 715 3562 anime
737 3523 802 3562 suae
819 3505 943 3562 incurrat
963 3505 1128 3578 periculum.

339 3601 376 3658 8.
417 3601 447 3657 si
475 3603 537 3674 quis
558 3603 587 3660 in
609 3603 758 3660 consilium
779 3606 821 3660 vel
851 3603 879 3660 in
902 3603 1029 3676 quolebit
1048 3609 1217 3660 conventum
1238 3619 1317 3660 mao-

260 3699 353 3756 dalum
374 3699 525 3766 comiserit,
550 3701 700 3759 nonientos
721 3702 827 3758 solidus
848 3703 883 3758 sit
904 3700 1053 3774 culpavelis
1073 3699 1141 3771 regi.

339 3798 378 3855 o.
420 3797 449 3854 Si
471 3799 533 3872 quis
554 3802 785 3874 qualemcumque
807 3800 950 3857 hominem
978 3800 1014 3856 ad
1033 3813 1129 3870 regem
1150 3798 1319 3857 incusaverit

260 3898 336 3971 quod
357 3897 449 3954 anime
470 3905 614 3970 perteneat
634 3900 808 3972 periculum,
835 3900 918 3957 leciat
947 3899 972 3957 ei
994 3898 1043 3973 qui
1070 3904 1213 3955 accusatus
1235 3896 1317 3953 luerit

157 4027 159 4030 ·
260 4012 323 4052 com
343 3997 587 4054 sacramentalibus
606 3997 763 4055 satisfacere
784 4004 812 4054 et
832 4013 861 4054 se
882 3997 1026 4056 aduniare.
1049 3995 1143 4053 'Etsi
1165 3996 1232 4052 tales
1252 4012 1317 4052 cau·

260 4109 318 4150 sam
339 4094 481 4151 emerserit
500 4102 531 4150 ut
551 4095 629 4151 adest
649 4096 732 4152 homo
754 4095 783 4152 in
806 4095 944 4167 presentia
965 4095 1013 4169 qui
1034 4096 1139 4153 crimen
1161 4094 1260 4161 mittat,
1281 4092 1316 4150 li·

261 4198 322 4247 reat
342 4189 368 4247 ei
389 4209 440 4264 per
460 4191 672 4266 camphionem,
696 4193 726 4250 id
747 4201 788 4250 est
808 4210 858 4266 per
878 4210 1017 4266 pugnam,
1040 4193 1147 4251 crimen
1169 4192 1259 4265 ipsum
1280 4189 1315 4246 de

262 4303 412 4361 superse,
436 4290 459 4346 si
479 4291 616 4364 potuerit,
640 4291 749 4356 eicere;
777 4292 847 4347 etsi
868 4291 893 4348 ei
914 4299 1058 4363 promtum
1079 4291 1179 4358 luerit,
1202 4294 1248 4344 aut
1268 4287 1315 4345 det

262 4385 400 4456 animam,
434 4394 482 4446 aut
511 4387 629 4462 qualiter
656 4389 715 4460 regi
744 4388 879 4462 placuerit
898 4394 1050 4462 conponat.
1070 4388 1129 4445 -Et
1154 4386 1177 4442 si
1197 4401 1314 4459 provere

264 4500 321 4540 non
343 4485 482 4557 potuerit,
505 4494 532 4544 et
552 4487 731 4560 cognoscitur
754 4487 867 4544 dolosae
888 4487 1053 4558 accusassit,
1082 4491 1149 4544 tunc
1177 4483 1236 4558 ipse
1265 4482 1314 4557 qui
