3048 5130
519 493 657 538 norcrmr
681 493 746 540 cer.
771 491 810 538 au
826 513 853 524 -
865 493 913 537 aar.
1212 479 1255 542 ld

199 659 302 713 unum,
334 647 451 715 excepto
482 642 616 700 damnum
645 651 676 700 ut
696 645 859 704 arbitratum
880 647 973 707 luerit.
1016 649 1053 706 Et
1082 648 1105 707 si
1127 649 1157 707 in
1179 657 1255 708 curte

198 740 414 814 permenaverit,
437 747 504 798 tunc
525 741 573 798 ille
594 742 671 815 cujus
692 744 818 817 peculius
839 752 881 802 est
900 747 1049 818 rogiteum
1069 755 1100 806 ut
1113 749 1254 820 reddatur,

199 839 239 896 sic
260 847 350 896 tamen
372 845 402 894 ut
423 839 464 896 dit
484 839 585 911 pignus
606 857 657 913 per
677 842 805 900 ultimum
825 845 935 902 valente
963 847 1084 920 seliquas
1106 854 1177 917 tres,
1211 855 1258 906 aut

199 946 273 996 certe
294 939 487 1011 fidejussorem
508 939 558 994 sub
580 939 628 998 tali
650 939 746 1009 titulo,
776 948 808 997 ut
828 943 961 1000 damnum
989 947 1065 1018 quod
1094 947 1256 1004 arbitratum

199 1036 284 1092 luerit
304 1042 490 1108 conponatur,
514 1043 561 1094 aut
577 1035 669 1094 iarnla
686 1021 762 1110 quod
778 1038 852 1096 inter
867 1041 974 1098 vicinus
994 1049 1050 1108 esta
1073 1049 1101 1100 et
1118 1044 1140 1100 si
1156 1044 1258 1116 pignus

199 1151 346 1207 suscepere
369 1135 505 1202 noluerit,
538 1139 566 1192 et
586 1150 669 1192 unam
691 1141 802 1192 noctem
822 1138 964 1210 peculium
983 1139 1048 1212 p'ost
1073 1156 1103 1197 se
1125 1143 1255 1212 tenuerit,

199 1240 342 1306 conponat
362 1232 454 1290 solido
474 1249 543 1288 uuo.
566 1233 603 1288 Et
623 1232 647 1289 si
663 1232 710 1289 ille
728 1234 805 1308 cujus
822 1236 947 1306 peculius
962 1244 1003 1293 est
1017 1242 1116 1294 tenens
1128 1238 1258 1296 duritiam

200 1331 294 1388 cordis
311 1348 375 1387 eum
391 1330 509 1386 liberare
529 1330 702 1404 dispexerit,
725 1340 791 1388 tunc
813 1333 913 1389 habeat
934 1351 998 1392 eum
1019 1335 1066 1392 ille
1087 1337 1135 1410 qui
1157 1337 1187 1394 in
1210 1338 1258 1394 da·

200 1445 298 1486 muum
317 1429 424 1486 invenit
439 1445 539 1484 novem
557 1429 657 1498 noctis,
681 1436 787 1485 tantum
805 1446 876 1502 aqua
898 1431 924 1487 ei
946 1433 996 1497 dit,
1022 1434 1104 1491 etde
1125 1436 1258 1494 damnum

200 1528 229 1584 in
251 1528 305 1585 hnc
326 1526 380 1583 sibi
401 1527 436 1582 sit
456 1533 647 1600 contemptus,
672 1542 705 1582 eo
727 1527 804 1598 quod
826 1543 926 1585 novem
947 1531 1038 1587 noctis
1058 1531 1149 1605 ipsum
1171 1551 1257 1608 pecu-

200 1626 269 1683 lium
291 1625 388 1684 tenuit.
430 1625 508 1682 Etsi
529 1641 565 1681 ex
590 1624 681 1698 ipsum
704 1625 844 1696 peculium
874 1627 981 1701 aliquid
1002 1637 1143 1689 mortuum
1164 1633 1257 1705 suerit,

201 1723 395 1796 neglegentiae
416 1737 482 1778 suae
502 1723 604 1795 reputit
624 1721 672 1794 qui
694 1722 884 1795 dispignerare
907 1726 1039 1796 neglexit.
1206 1713 1208 1717 ¹

281 1824 364 1881 848.
407 1821 436 1877 Si
453 1821 599 1877 hominem
616 1826 769 1878 etcrantcm
786 1824 905 1880 cavallus
926 1832 974 1880 aut
990 1824 1119 1897 quislevit
1134 1828 1259 1900 peculius

201 1930 311 1978 secutus
333 1921 431 1990 luerit,
455 1927 482 1977 et
503 1921 550 1977 ille
572 1937 656 1994 quem
676 1922 801 1994 sequitur
820 1922 851 1978 in
872 1922 994 1994 ligamen
1015 1925 1111 1982 autin
1133 1927 1259 1984 clausura

201 2036 266 2076 eum
286 2019 401 2089 miserit,
427 2018 487 2091 ipse
508 2035 571 2074 eum
585 2020 691 2076 salvum
711 2018 803 2090 iaciat,
827 2021 898 2078 sicut
918 2039 1000 2095 supra
1015 2023 1258 2096 constitutumest,

202 2125 230 2174 et
251 2117 379 2174 veniente
400 2116 514 2188 proprio
536 2116 651 2173 domino
673 2117 817 2183 restituat3
847 2136 913 2176 nam
938 2120 961 2177 si
988 2137 1105 2195 sequere
1130 2122 1206 2196 cepit
1232 2128 1260 2178 et

131 2211 134 2218 '
203 2233 231 2274 se
253 2217 287 2273 de
308 2217 351 2273 via
372 2215 501 2284 turnavit,
525 2217 600 2273 nulla
622 2216 658 2272 sit
678 2218 758 2289 culpa
778 2217 819 2273 illi
841 2234 926 2290 quem
947 2235 1064 2293 sequere
1085 2219 1169 2294 cepit.

282 2316 371 2374 848.
413 2313 536 2386 Siquis
566 2313 601 2370 ab
630 2314 686 2370 alio
717 2313 861 2371 hominem
890 2321 1002 2387 rogatus
1023 2316 1106 2374 luerit
1127 2317 1260 2374 cavallum

84 2431 88 2442 ·
203 2419 250 2486 aut
271 2413 387 2486 qualivit
405 2411 546 2485 peculium
560 2427 688 2484 querere,
712 2411 847 2485 signaque
869 2413 895 2470 ei
912 2414 1066 2481 dictaverit,
1090 2421 1118 2472 et
1137 2416 1184 2472 ille
1206 2415 1262 2470 ior·

203 2511 273 2568 sitan
296 2511 344 2584 qui
356 2516 468 2582 rogatus
488 2517 530 2566 est
550 2509 684 2566 cavallum
701 2510 822 2567 alienum
844 2516 891 2568 aut
909 2512 1049 2586 peculium
1070 2527 1120 2586 per
1137 2527 1261 2570 errorem

204 2609 337 2682 preserit,
361 2609 382 2665 si
404 2606 510 2664 venerit
530 2606 660 2678 proprius
680 2607 829 2678 dominus,
853 2615 881 2665 et
901 2611 1039 2668 calomnia
1059 2627 1193 2683 generare
1216 2629 1262 2668 vo·

204 2709 296 2778 luerit,
319 2707 356 2764 ita
377 2705 580 2780 prospeximus,
603 2711 633 2760 ut
653 2704 700 2762 ille
721 2706 768 2778 qui
791 2723 854 2763 eum
875 2723 927 2781 per
946 2725 1070 2767 errorem
1091 2709 1180 2767 tenuit
1200 2727 1263 2784 pre-

205 2816 265 2867 veat
285 2812 490 2879 sagramentum
512 2803 576 2876 quia
598 2802 723 2860 crededit
743 2804 834 2877 ipsam
851 2822 910 2863 esse
936 2807 1011 2864 unde
1030 2814 1143 2878 rogatus
1156 2808 1260 2876 lucrata

205 2913 271 2964 tunc
292 2906 390 2962 reddat
409 2903 538 2967 cavallus,
562 2906 589 2958 et
609 2901 728 2974 amplius
741 2903 879 2960 calomnia
899 2921 955 2960 non
973 2911 1131 2976 generetur,
1155 2905 1177 2960 si
1199 2921 1264 2962 eum

205 3007 278 3062 male
299 3019 357 3060 nou
377 2999 543 3060 tractaverit.
574 2999 610 3055 m
637 2999 660 3056 si
680 3016 739 3055 nou
760 3001 867 3057 venerit
887 3003 1017 3076 proprius
1038 3002 1178 3072 dominus,
1201 3003 1265 3058 red·

206 3104 254 3159 dat
273 3118 337 3159 eum
358 3101 399 3156 illi
420 3099 455 3154 de
486 3113 570 3171 quem
591 3098 683 3170 ipsum
704 3096 776 3165 tolit,
806 3104 836 3155 ut
862 3099 922 3172 ipsc
943 3100 1044 3156 iterum
1062 3101 1139 3174 juxta
1159 3101 1261 3172 legem,

206 3201 277 3258 sicut
297 3215 379 3272 supra
401 3196 543 3253 decretum
564 3201 616 3265 est,
640 3194 786 3254 contervit.

285 3300 376 3357 849.
397 3293 449 3369 (De
467 3292 586 3366 porcos.)
629 3292 659 3348 Si
688 3309 790 3366 porcus
816 3294 846 3349 in
874 3293 930 3351 isca
950 3294 1063 3351 alterius
1084 3301 1216 3369 parerent
1237 3301 1264 3352 et

206 3396 313 3456 inventi
334 3396 458 3460 luerent,
482 3392 504 3448 si
526 3391 618 3448 minus
639 3396 704 3447 sunt
724 3391 759 3446 de
780 3391 896 3462 decem,
929 3408 987 3449 non
1009 3393 1152 3450 occidatur
1172 3409 1264 3466 neque

208 3512 278 3553 unus
298 3511 334 3551 ex
353 3492 440 3565 ipsis,
472 3490 522 3546 sed
542 3489 590 3546 ille
611 3488 660 3562 qui
689 3503 737 3544 eds
757 3488 896 3546 invenerit
921 3495 1014 3546 teneat
1034 3505 1121 3549 renum
1142 3509 1177 3547 ex
1197 3491 1265 3564 ipsis

208 3600 236 3651 et
255 3594 356 3650 habeat
376 3591 491 3658 salvum,
514 3595 543 3644 et
560 3593 735 3659 conponatur
756 3586 781 3642 ei
803 3603 853 3659 per
869 3603 955 3660 porco
967 3587 1087 3662 seliquas
1108 3595 1171 3648 tres.
1194 3589 1264 3645 Nam

208 3693 230 3750 si
252 3707 334 3763 supra
354 3689 463 3744 luerent
484 3686 519 3742 de
540 3685 637 3742 decem
659 3690 688 3742 et
707 3701 795 3758 usque
816 3685 851 3742 ad
878 3686 993 3756 decem,
1016 3688 1159 3745 occidatur
1178 3702 1264 3743 unum

209 3789 397 3855 mediocrem,
421 3791 448 3841 et
468 3801 525 3840 non
546 3783 721 3856 requiratura
744 3783 797 3841 uisi
818 3783 954 3841 siminus
976 3785 1080 3842 luerint
1099 3786 1134 3842 de
1155 3785 1263 3855 decem,

209 3895 236 3944 et
257 3885 399 3951 occiderit,
422 3883 554 3941 reddatur
574 3881 714 3955 terquido.

289 3985 380 4044 85⁰.
423 3983 452 4038 Si
481 3979 543 4055 quis
572 3979 601 4036 in
623 3985 703 4053 pratu
729 3993 831 4051 porcus
852 3979 938 4037 fossas
959 3980 1107 4037 facientem
1128 3978 1266 4036 invenerit

209 4100 296 4140 unum
318 4089 365 4138 aut
384 4081 489 4154 plures,
513 4078 655 4135 occidatur
676 4093 762 4134 unum
783 4083 902 4144 tantum,
926 4085 953 4135 et
974 4093 1031 4134 non
1053 4077 1217 4150 requiratur.

291 4181 375 4239 861·
396 4177 449 4251 (tte
467 4176 568 4252 eme.)
610 4175 639 4231 Si
671 4175 733 4248 quis
761 4193 867 4234 verrem
888 4175 1010 4234 alienum
1033 4175 1176 4247 iuraverit,
1200 4190 1267 4232 con-

211 4287 298 4354 ponat
326 4277 431 4334 solidos
461 4275 619 4332 duodicem.
661 4274 755 4346 Ipsum
777 4275 876 4331 dieitur
896 4273 1061 4348 sonorpair,
1095 4273 1142 4347 qui
1169 4289 1267 4331 omues

212 4379 281 4436 alios
302 4391 394 4434 verres
413 4374 443 4430 in
464 4373 557 4444 gregis
577 4371 657 4428 battit
678 4379 706 4428 et
724 4371 819 4429 ducit.
857 4373 962 4430 Tamen
984 4372 1013 4428 iu
1035 4387 1119 4430 unam
1140 4387 1265 4443 gregem,

213 4476 336 4550 muniris
356 4472 504 4530 multitudo
526 4485 675 4544 porcorum
696 4470 794 4540 luerit,
822 4485 895 4527 unus
915 4476 1082 4542 conpotetur
1101 4469 1266 4544 sonorpaira

1037 4563 1057 4623 4
