3022 5144
261 537 326 604 tte
690 561 801 607 nieme
823 561 915 607 auare

258 727 322 770 cum
342 711 436 783 gissa,
465 710 512 768 det
532 725 582 786 per
608 711 735 770 tremisse
755 714 863 770 carulas
884 719 1029 787 quattuor:
1063 727 1190 772 annonas
1211 713 1237 770 si
1258 729 1318 771 nan

257 817 411 886 reputetur.

337 909 396 985 (VI.
417 911 459 967 Dr
477 907 696 985 marmorarios.)
727 912 813 968 162.
845 909 876 968 st
902 909 965 982 quis
995 925 1060 967 axes
1087 926 1256 967 marmoreas
1278 909 1317 966 fe·

257 1011 341 1080 cerit,
371 1011 419 1067 det
441 1026 492 1083 per
512 1009 617 1066 solidas
638 1025 694 1066 uua
715 1009 800 1082 pedes
821 1025 867 1064 xv.
891 1009 927 1064 Et
947 1007 970 1064 si
990 1010 1135 1066 calumnas
1164 1008 1261 1065 iecerit
1281 1009 1315 1064 de

255 1107 342 1181 pedes
369 1115 520 1180 quaternos
540 1113 587 1163 aut
607 1107 728 1179 quinos,
761 1107 809 1163 det
835 1121 886 1179 per
914 1106 1040 1163 tremisse
1066 1107 1211 1164 columnas
1238 1112 1313 1162 truse

256 1221 383 1262 annonas
404 1205 430 1262 ei
452 1219 509 1260 non
531 1211 684 1275 reparetur.

336 1301 412 1374 (VII.
435 1301 476 1358 Da
494 1299 631 1375 sarnam.)
659 1303 747 1371 168·
776 1300 806 1356 Si
827 1316 894 1356 veru
915 1301 997 1356 turno
1018 1302 1048 1356 in
1068 1301 1149 1373 pisile
1171 1317 1234 1356 cum
1255 1317 1316 1361 cac·

254 1400 339 1456 cabos
360 1399 458 1455 fecerit
477 1406 505 1455 et
521 1406 614 1471 postes
636 1405 690 1454 tres
704 1403 751 1454 aut
769 1405 900 1470 quattuor
916 1398 1052 1467 habuerit,
1076 1405 1104 1454 et
1124 1415 1185 1454 cum
1202 1399 1315 1472 pineam

255 1513 333 1554 suam
353 1497 483 1553 levaverit
504 1497 637 1553 caccabus
658 1495 771 1553 ducenti
793 1495 1011 1568 quinquaginta,
1045 1496 1082 1552 ita
1103 1504 1133 1552 ut
1153 1498 1234 1568 pinea
1255 1496 1314 1569 ipsa

200 1645 201 1650 ,
254 1593 355 1650 habeat
375 1594 508 1651 caccabus
524 1593 621 1666 viginti
641 1593 777 1667 quinque,
801 1592 903 1650 exinde
920 1595 997 1650 tollat
1015 1595 1140 1651 tremisse
1160 1612 1235 1659 unn;
1258 1612 1273 1651 e
1291 1595 1314 1651 si

149 1699 166 1714 ·
255 1693 425 1764 quingentos
445 1691 579 1749 caccabus
595 1691 733 1760 habuerit,
757 1691 859 1747 habeat
879 1691 948 1746 duos
969 1691 1124 1758 tremisses3
1147 1699 1174 1748 et
1194 1693 1217 1748 si
1237 1692 1314 1749 mille

254 1788 358 1847 suerint
378 1789 500 1855 caccabi,
525 1789 603 1845 tollat
622 1787 725 1845 exinde
745 1787 889 1848 mercedes
910 1790 1049 1846 tremisses
1070 1796 1209 1862 quattuor.

334 1885 422 1962 (Vm.
444 1887 486 1943 Da
503 1887 635 1958 param.)
660 1887 747 1943 lca.
780 1884 809 1941 Si
831 1885 893 1957 quis
915 1892 1028 1957 puteum
1048 1887 1146 1943 iecerit
1172 1887 1205 1943 ad
1228 1887 1314 1959 pedes

254 1989 385 2053 cantum,
413 1986 492 2041 tollat
521 1983 623 2040 exinde
652 1982 757 2038 solidas
786 1999 842 2047 xx;
872 1999 998 2039 annonas
1028 1984 1054 2040 ei
1083 2000 1140 2039 nan
1162 1990 1312 2056 reputetur.

253 2081 356 2139 Puteus
377 2088 469 2138 autem
491 2081 527 2137 de
547 2081 633 2153 pedes
653 2097 741 2150 xxxv,
771 2080 875 2137 solidas
897 2086 1042 2154 quattu0r3
1073 2089 1171 2154 puteus
1191 2099 1256 2138 vera
1278 2083 1313 2138 de

252 2181 339 2252 pedes
358 2179 456 2250 viginti
477 2195 536 2244 sex,
559 2178 663 2234 solidas
684 2184 756 2244 tres;
779 2184 878 2251 puteus
890 2185 982 2235 autem
1003 2179 1037 2236 de
1052 2179 1138 2252 pedes
1152 2180 1311 2250 duodecim,

252 2278 374 2335 solidum
393 2293 499 2334 uuum:
523 2291 650 2334 annonas
672 2280 697 2336 ei
721 2293 779 2333 nan
800 2282 951 2349 repetetur.

600 2469 761 2528 EXPLICIT
780 2469 804 2520 Δ
822 2468 946 2522 DOMNO

537 2629 851 2710 iilU'il'lileid
878 2627 1019 2708 nutu.

619 3067 758 3143 naun
781 3067 943 3142 uratur

516 3241 769 3352 uacuis
821 3238 1044 3352 nudis

514 3587 649 3654 (Kalendis
668 3591 775 3650 meruti,
795 3600 862 3638 anna
880 3584 1043 3650 DGGXLV.)

685 3769 877 3840 NOTITIA.

333 3949 376 4025 (1.)
403 3953 437 4008 1.
465 3947 497 4006 iu
517 3965 623 4022 neptun
644 3951 752 4009 Destrui
772 3967 871 4008 nosrnr
892 3950 980 4008 JESU
1002 3949 1167 4020 cantsn,
1190 3951 1309 4025 qualiter

247 4050 325 4122 juxta
344 4047 497 4106 Dominum
518 4056 545 4103 et
565 4049 675 4105 animae
697 4056 807 4106 nostrae
824 4050 939 4104 salutem
961 4055 989 4104 et
1005 4048 1130 4104 amnium
1149 4057 1307 4106 nostrarum

251 4154 357 4204 rectum
377 4145 460 4202 nabis
480 4145 573 4218 paruit
599 4163 658 4202 esse
681 4164 737 4204 una
758 4163 821 4203 cum
843 4146 943 4202 nostris
961 4145 1121 4218 judicibus,
1153 4155 1183 4203 ut
1210 4155 1236 4204 et
1257 4148 1308 4204 hc-

251 4243 340 4300 mines
360 4249 501 4317 potentes,
524 4251 553 4300 et
571 4260 709 4317 pauperes
731 4245 779 4317 qui
800 4260 878 4300 suam
899 4251 1020 4316 querunt
1037 4244 1172 4315 justitiam
1191 4245 1307 4302 minime

250 4339 419 4411 fatigentur:
441 4346 472 4397 ut
492 4341 682 4414 unusquisque
700 4341 786 4414 judex
806 4341 836 4397 in
857 4357 905 4397 sua
926 4341 1034 4398 civitate
1063 4341 1164 4398 debeat
1192 4342 1306 4399 cottidie

249 4438 280 4494 iu
298 4439 434 4511 judicium
455 4439 597 4509 residere,
630 4445 657 4495 et
683 4455 741 4495 non
763 4439 886 4496 attendat
915 4439 950 4495 ad
975 4439 1207 4496 exemulationem
1228 4455 1307 4496 suam

249 4540 297 4593 aut
317 4535 400 4593 aliam
421 4535 506 4592 seculi
528 4538 690 4608 sanitatem,
713 4537 762 4594 sed
782 4552 834 4610 per
854 4536 1033 4610 semetipsum
1054 4536 1179 4594 resedeat
1199 4543 1228 4593 et
1247 4552 1307 4594 am-
