3022 5144
277 557 340 619 suu
663 575 849 620 numerarer
871 573 961 618 uucrs

355 722 457 798 (Viti.)
480 728 563 783 124.
586 726 615 782 Si
638 726 701 799 quis
717 725 822 782 aldium
835 726 876 782 vel
893 724 1006 794 aldium,
1030 741 1123 781 servus
1144 725 1188 782 rel
1204 724 1336 780 ancillam

273 823 432 894 battederit,
455 832 483 880 et
503 841 554 896 per
574 823 660 898 ipsam
682 825 848 880 batteturam
869 813 1021 895 ponderosi
1043 823 1107 879 iacti
1128 823 1253 892 suerent,
1277 840 1337 878 me-

275 921 406 978 dietatem
428 923 508 994 pretii
530 929 671 994 conponat
689 922 804 978 domino
826 923 868 978 vel
891 928 1010 996 patrono
1032 938 1129 978 eorum
1148 927 1289 993 tamquam
1312 920 1336 977 si
1365 969 1372 987 ,

275 1037 339 1076 eum
361 1020 516 1086 occidissit;
540 1026 656 1092 excepto
678 1020 773 1092 plagas
793 1026 839 1076 aut
860 1020 953 1077 feritas
973 1020 1013 1076 sic
1034 1026 1190 1092 conponat,
1215 1019 1285 1074 sicut
1305 1017 1335 1074 in

275 1117 443 1175 anteriorem
465 1117 698 1188 Edictolegitur.

354 1214 475 1290 (VIIII.)
507 1216 592 1272 185.
635 1216 664 1270 Si
687 1216 749 1288 quis
770 1215 908 1272 malitiose
930 1223 958 1271 et
981 1233 1030 1287 per
1051 1221 1184 1288 superna,
1217 1215 1288 1270 sicut
1307 1220 1337 1268 et

274 1314 360 1369 modo
381 1313 483 1370 tactum
504 1329 563 1368 esse
585 1312 788 1385 cognovimus,
824 1313 969 1372 mulierem
1000 1321 1045 1369 aut
1076 1314 1197 1386 puellam
1219 1311 1335 1367 liberam

275 1413 419 1468 sedentem
440 1410 475 1466 ad
496 1410 690 1466 necessitatem
711 1409 837 1482 corporis
858 1410 917 1478 sui,
950 1411 990 1466 vel
1011 1409 1041 1466 in
1068 1410 1153 1466 alium
1174 1411 1267 1465 locum
1288 1407 1335 1464 ubi

275 1508 335 1580 ipsa
356 1508 460 1564 lemiua
482 1525 532 1581 pro
554 1525 602 1564 sua
634 1508 827 1566 necessitatem
855 1508 929 1564 nuda
958 1525 1018 1564 esse
1049 1509 1181 1574 vedetur,
1210 1521 1336 1579 pungere

275 1608 317 1662 vel
340 1612 484 1678 percutere
506 1606 726 1679 presumpserit,
759 1614 902 1678 conponat
922 1608 955 1662 ad
979 1607 1130 1662 mundoald
1152 1606 1211 1677 ejus
1231 1604 1337 1660 solidos

277 1710 458 1770 octuacenta3
482 1711 509 1759 et
530 1705 552 1760 si
573 1705 663 1760 aldius
684 1713 731 1760 out
749 1721 842 1760 servus
859 1705 942 1770 suerit
963 1705 1011 1776 qui
1033 1705 1086 1760 hoe
1104 1704 1196 1760 lacere
1212 1718 1337 1774 presum-

276 1801 370 1874 pserit,
393 1810 536 1874 conponat
555 1803 685 1859 dominus
707 1801 765 1874 ejus
775 1802 880 1858 solidos
902 1819 947 1865 ux,
972 1809 999 1858 et
1019 1803 1106 1874 ipsam
1121 1818 1270 1874 personam
1288 1799 1336 1872 qui

276 1901 329 1956 hoc
355 1901 459 1957 malum
485 1899 583 1957 iecerit
608 1901 717 1956 tradere
745 1900 843 1956 deveat
869 1898 899 1956 in
921 1917 1004 1956 manu
1036 1900 1071 1956 de
1091 1899 1245 1955 mundoald
1266 1899 1338 1970 ejus·

277 1997 340 2054 dem
362 1997 476 2053 semine.

356 2093 416 2168 (X.)
445 2096 531 2151 Μ.
562 2094 592 2149 si
619 2093 709 2149 aldius
736 2093 933 2166 cujuscumque
959 2094 1032 2150 aldia
1054 2093 1167 2150 alterius
1188 2093 1282 2150 tolerit
1302 2093 1336 2150 ad

278 2210 403 2262 uxorem,
428 2200 456 2248 et
475 2191 526 2250 filii
549 2191 584 2246 de
606 2207 638 2246 ea
657 2190 794 2264 procreati
816 2190 934 2258 suerent,
959 2198 987 2247 et
1003 2192 1149 2248 mundium
1170 2211 1203 2249 ex
1226 2210 1258 2248 ea
1280 2209 1335 2246 non

277 2291 414 2360 fecerent,
438 2291 494 2346 sint
517 2289 567 2344 lilii
589 2289 647 2361 ejus
668 2288 787 2346 aldionis
808 2289 885 2360 cujus
906 2295 933 2344 et
953 2297 1041 2344 mater
1061 2289 1153 2345 tuerit.
1198 2291 1266 2346 Nam
1289 2306 1338 2361 po·

277 2397 351 2446 steus
365 2387 511 2444 mundium
523 2387 629 2457 iecerit,
653 2395 681 2442 et
701 2385 752 2442 filii
776 2387 832 2442 nati
848 2387 967 2456 luerent,
992 2387 1062 2443 sicut
1083 2389 1207 2444 anterior
1223 2389 1337 2444 Edictus

278 2486 404 2543 contenit
424 2492 501 2559 patre
522 2491 694 2559 sequantur;
727 2491 754 2540 et
775 2485 858 2540 talem
880 2485 970 2556 legem
992 2485 1115 2542 habeant
1134 2503 1196 2542 cum
1220 2492 1337 2558 patrono

278 2601 339 2653 suo,
362 2586 473 2657 qualem
494 2591 521 2640 et
542 2592 620 2656 pater
640 2600 737 2640 eorum
758 2583 864 2640 habuit.
1311 2635 1315 2642 t

359 2681 434 2757 (Xl.)
454 2683 534 2739 les.
558 2682 587 2737 Si
609 2681 670 2754 quis
691 2681 834 2737 Romanus
857 2680 941 2736 homo
957 2681 1103 2737 mulierem
1123 2681 1338 2752 Langobardam

278 2780 380 2847 tulerit,
405 2788 433 2836 et
445 2778 590 2834 mundium
611 2795 645 2834 ex
664 2797 696 2835 ea
713 2778 819 2846 iecerit,
843 2785 948 2850 etpost
966 2779 1024 2850 ejus
1039 2779 1182 2835 decessum
1201 2779 1337 2835 adolium

278 2878 461 2935 ambulaverit
481 2875 609 2932 maritum
632 2876 692 2931 sine
714 2877 854 2931 voluntate
875 2877 992 2932 heredes
1014 2877 1114 2950 prioris
1135 2877 1241 2943 mariti,
1265 2876 1339 2932 faida

280 2983 307 3035 et
327 2976 443 3048 anagrip
467 2991 522 3030 non
545 2955 718 3046 requi'ratur3
748 2974 813 3047 quia
841 2980 951 3045 posteus
973 2974 1130 3031 Romanum
1159 2976 1289 3032 maritum
1309 2991 1339 3030 se

258 3074 431 3154 copulavit,
454 3079 483 3130 et
502 3072 562 3145 ipse
579 3089 614 3129 ex
635 3089 667 3128 ea
688 3071 835 3128 mundium
856 3070 941 3139 lecit,
964 3071 1090 3127 Romana
1111 3072 1207 3128 effecta
1228 3080 1288 3136 est,
1313 3077 1341 3127 et

280 3173 330 3229 filii
360 3172 409 3245 qui
438 3172 473 3230 de
505 3173 559 3227 tale
581 3170 761 3226 matrimonio
793 3175 942 3225 nascuntur
968 3170 1122 3225 secuudum
1143 3172 1234 3240 legem
1255 3168 1340 3242 patris

279 3270 398 3327 Romani
419 3271 500 3338 fiunt,
524 3276 552 3326 et
572 3270 726 3324 secundum
747 3269 837 3339 legem
859 3267 944 3340 patris
966 3267 1006 3323 sui
1029 3267 1130 3326 vivunt.
1172 3269 1239 3324 ldeo
1267 3267 1340 3322 laida

280 3373 308 3424 et
327 3367 442 3440 anagrip
464 3367 586 3423 menime
608 3382 771 3439 conponere
793 3365 867 3421 devit
888 3364 936 3450 qui
957 3381 1018 3421 eam
1040 3371 1136 3438 postea
1162 3365 1237 3435 tolit,
1270 3364 1341 3420 sicut

282 3455 332 3522 n'ec
353 3466 387 3521 de
408 3465 462 3521 alia
484 3459 627 3522 Romana(

361 3560 437 3635 (Xll.
466 3565 550 3620 les.
581 3564 611 3618 ln
643 3561 783 3619 anteriore
811 3559 904 3616 Edioti
924 3559 1012 3624 vnostri
1034 3561 1153 3632 capitula
1174 3561 1337 3629 addicemus,

281 3660 303 3717 si
326 3659 442 3716 wadiam
463 3675 542 3714 suam
562 3660 723 3715 solvendam
742 3657 880 3732 quispiam
901 3657 973 3713 liber
993 3657 1078 3713 homo
1100 3663 1155 3714 tres
1171 3658 1340 3732 fidejussoris

281 3757 409 3815 habuerit
428 3757 532 3816 liberos
553 3757 698 3825 homines,
732 3757 840 3828 etipse
861 3754 909 3828 qui
937 3755 1054 3812 wadiam
1082 3755 1203 3828 suscepit
1223 3759 1340 3815 reddere

282 3854 447 3924 neclexerit,
477 3854 517 3910 sic
538 3863 681 3927 conponat
706 3855 778 3911 sicut
792 3851 844 3910 ille
865 3854 913 3927 qui
936 3871 993 3910 uon
1014 3853 1144 3910 habuerit
1164 3855 1341 3936 fidejussores

281 3959 402 4027 paratus.
435 3953 522 4010 Modo
544 3969 629 4020 vero,
665 3954 732 4008 dum
758 3969 857 4024 pravus
886 3952 1014 4008 homines
1040 3951 1258 4024 cognovissimus
1280 3953 1342 4010 talis

281 4051 440 4107 lidiussores
462 4051 533 4106 velle
554 4057 673 4107 statuere
696 4051 744 4124 qui
766 4049 836 4105 nihil
854 4051 1017 4118 habuerent
1042 4049 1096 4106 nisi
1110 4051 1257 4108 sulumodo
1279 4068 1342 4124 per·

281 4165 378 4206 sonam
399 4164 496 4216 suam,
526 4154 556 4205 ut
576 4164 636 4221 -per
663 4165 711 4206 eos
737 4147 872 4220 justitiam
893 4163 971 4205 suam
992 4147 1115 4203 creditur
1134 4147 1194 4220 ipse
1216 4148 1341 4206 invenire

282 4246 402 4302 menime
424 4245 528 4317 possit:
560 4241 724 4314 statuimus,
748 4253 778 4302 ut
799 4245 860 4304 talis
882 4261 941 4301 esse
963 4246 1082 4324 deveant
1101 4245 1255 4305 fidiussoris
1274 4248 1339 4320 ipsi,

282 4351 311 4400 ut
331 4344 355 4399 si
376 4343 495 4414 amplius
514 4361 571 4399 nou
589 4344 867 4416 habueritquomodo
889 4360 952 4398 enm
968 4343 1115 4414 pignerare
1132 4337 1241 4419 possint
1257 4362 1341 4420 quam

282 4441 340 4513 ipsa
362 4441 492 4498 oblicatiu
514 4442 559 4512 sit,
582 4445 624 4499 vel
641 4449 746 4499 tantum
765 4442 895 4510 habeant,
919 4446 1064 4513 quantum,
1079 4447 1109 4498 ut
1129 4443 1259 4516 diximus,
1282 4445 1343 4518 ipsa

283 4540 414 4598 oblinatio
436 4549 477 4598 est
499 4542 572 4598 unde
594 4541 753 4598 lidiussores
774 4540 944 4597 intervenire
964 4543 1101 4607 debeants
1124 4557 1188 4598 nam
1208 4541 1341 4601 siminus
