3022 5144
1180 527 1219 590 13

214 700 288 760 tudo
317 701 510 764 numeranda
542 700 581 762 sit
610 701 649 762 ab
679 701 739 762 ima
771 700 932 766 machinae
964 703 1155 766 tubulatione
1179 705 1218 768 ad
1327 746 1329 752 -

213 833 366 876 summum
390 833 475 894 opus.
502 812 621 887 Quibus
637 813 740 875 verbis
768 813 848 876 inest
871 814 963 882 etiam
988 834 1102 878 novum
1126 835 1218 900 argu·

214 935 352 988 mentum
384 927 423 988 ad
446 926 717 988 demonstrandam
750 945 853 988 veram
880 927 1104 1008 Langobardiei
1128 930 1217 1014 pedis

210 1038 446 1120 longitudinem,
474 1057 605 1120 eamque
622 1058 638 1100 a
664 1047 769 1102 vetere
787 1030 925 1102 Romano
939 1040 1065 1102 minime
1082 1042 1213 1104 abesse:

212 1152 491 1222 caementariorum
520 1151 603 1214 euim
633 1171 699 1214 mus
735 1127 793 1214 est¹
811 1171 940 1232 operam
962 1153 1077 1216 ducere
1100 1162 1217 1218 stantes

212 1264 245 1325 iu
281 1264 443 1338 maehina,
482 1266 583 1347 sitque
612 1285 668 1346 pes
697 1266 756 1328 iste
785 1265 932 1347 aequalis,
957 1267 1096 1330 Romano
1129 1268 1213 1348 pedi,

212 1377 397 1446 habebimus
420 1377 614 1440 altitudinem
638 1385 727 1442 metr.
761 1377 879 1451 1,t75‚
918 1379 997 1442 ultra
1029 1399 1122 1462 quam
1146 1401 1231 1461 per,

211 1489 336 1552 difficile
359 1488 438 1553 loret
461 1490 557 1556 euivis
581 1490 723 1554 structori
746 1491 839 1554 stanti
859 1491 890 1552 in
908 1501 1063 1574 pegmate,
1091 1493 1216 1556 brachia

213 1621 384 1684 manusque
404 1602 577 1670 sublevare,
612 1622 752 1685 opusque
783 1601 936 1666 conficere
965 1605 1128 1672 commode
1146 1626 1218 1687 pro·

211 1714 412 1797 spicientibus
435 1715 552 1778 oeulis:
580 1723 702 1796 oportet
724 1715 807 1776 euim
831 1723 864 1777 ut
884 1703 1005 1777 humeri
1024 1714 1153 1803 altitudo
1177 1719 1216 1781 ab

212 1829 316 1908 operis
339 1829 478 1892 struendi
502 1828 687 1909 proceritate
711 1848 772 1892 nou
797 1828 837 1890 sit
859 1835 1012 1908 superata.

183 1987 187 2000 .
300 1943 338 2004 Io
360 1944 563 2020 longitudinem
582 1963 646 2003 uero
670 1961 818 2002 umectum
834 1952 878 2002 ter
894 1945 995 2022 puiuoa
1010 1960 1063 2021 per
1078 1945 1213 2004 tremisse.

212 2042 368 2118 Obscurus
392 2054 485 2135 plene
509 2055 606 2128 loeus,
639 2055 677 2116 ad
708 2073 803 2136 quem
826 2053 1044 2116 declarandum
1069 2053 1216 2134 praemit-

211 2167 304 2230 tenda
334 2176 380 2230 eat
413 2167 596 2250 hypothesis
625 2167 849 2248 longitudinem
882 2167 960 2228 muri
993 2165 1043 2228 bie
1068 2185 1136 2228 esse
1159 2185 1215 2246 pro

210 2281 403 2362 longitudine
435 2279 574 2344 interiori
604 2301 657 2343 seu
682 2279 902 2342 crassitudine:
940 2280 1012 2342 data
1035 2278 1215 2362 hypothesi,

210 2393 361 2455 babemus
388 2411 455 2454 rem
483 2393 583 2473 ipsam
618 2393 759 2473 superius
790 2411 807 2453 a
834 2390 1010 2472 legislatore
1034 2392 1216 2472 productam

211 2507 389 2584 duplicentur
403 2508 540 2567 mercedes
563 2517 635 2570 ete:
661 2505 731 2566 roei
754 2505 859 2585 itaque
882 2505 1026 2584 terquinos
1049 2505 1217 2585 respondet

143 2610 147 2618 ’
214 2619 354 2704 superius
378 2618 561 2680 venabulum
585 2619 779 2696 subpuiuetur.
821 2616 962 2680 Forsitan
986 2616 1079 2679 etiam
1102 2617 1217 2679 intelli-

210 2730 345 2812 gendum
369 2739 430 2798 est,
459 2738 491 2792 ut
520 2729 735 2792 caementariis
759 2730 791 2790 in
814 2728 955 2791 machine
980 2729 1130 2792 stantibus
1154 2731 1215 2792 sol-

211 2851 300 2904 vatur
322 2842 478 2904 tremisses
501 2863 559 2923 pro
585 2842 668 2902 omni
690 2841 1091 2924 augmentoerassitudinis
1115 2863 1216 2904 mura-

211 2954 247 3016 lis
272 2955 311 3016 de
334 2955 432 3018 tribus
455 2955 487 3016 in
510 2953 606 3017 tribus
630 2975 670 3016 ex
693 2954 831 3036 quinque
848 2953 987 3034 partibus
1010 2954 1108 3035 pedis.
1132 2954 1217 3016 Haec

211 3075 313 3130 autem
337 3087 394 3148 pro
417 3067 605 3130 divinatione
629 3065 808 3129 habeantur.

299 3180 434 3256 Similiter
457 3191 482 3240 et
506 3183 530 3240 ai
551 3199 666 3240 murum
681 3181 862 3246 dealbaverit,
889 3180 1014 3240 seuceuti
1024 3179 1110 3255 pedes
1127 3179 1216 3238 audet

208 3313 261 3373 per
282 3295 403 3355 solidum
424 3315 524 3370 uuum.
579 3292 645 3354 Hoc
668 3293 700 3354 io
725 3293 806 3364 loeo,
841 3311 902 3354 vox
926 3293 1056 3352 daubore
1080 3289 1215 3352 cellecti-

211 3427 282 3468 vum
308 3407 490 3474 vocabulum
514 3414 560 3468 est
583 3405 712 3487 perlecti
736 3405 838 3486 operis
861 3403 993 3467 tentorii.

299 3519 339 3580 Et
361 3521 386 3579 ei
409 3539 472 3580 cum
494 3539 564 3580 erues
587 3519 719 3579 clauserit
741 3527 767 3576 et
782 3536 868 3596 opera
886 3517 988 3612 gallicu
1002 3516 1112 3594 feeerit,
1138 3516 1212 3576 mille

213 3637 357 3714 quingenti
380 3635 464 3714 pedes
486 3635 518 3693 iu
540 3635 628 3694 solido
653 3633 751 3692 uestitu
783 3633 898 3694 uadum.
954 3627 1058 3710 Opera
1090 3627 1213 3710 gallica,
1327 3647 1332 3654 ·

214 3767 268 3811 seu
305 3767 382 3828 opus
412 3746 574 3828 gallicum,
617 3763 698 3806 nova
736 3763 810 3806 sane
840 3763 901 3804 vox
929 3750 962 3804 et
994 3739 1216 3824 glossatoribus

213 3861 329 3942 ignote,
356 3859 476 3922 videtur
500 3857 575 3928 mibi
596 3855 690 3920 brisse
709 3856 763 3918 illa
779 3863 881 3918 aetate
897 3851 1108 3920 denominatio
1130 3850 1223 3913 tabu··

213 3975 345 4037 latorum
374 3974 439 4034 sive
467 3971 619 4052 parietum
649 3989 688 4032 ex
719 3967 874 4030 asseribus
906 3966 999 4028 aedes
1029 3963 1216 4044 sepientium

215 4088 264 4150 vel
297 4087 391 4149 cellas
425 4084 643 4151 dividentium,
687 4081 739 4143 illo
771 4080 853 4142 enim
893 4086 1032 4158 tempore
1064 4075 1215 4158 plurimae

217 4202 414 4283 struebantur
445 4199 566 4281 ligneae
595 4197 701 4268 aedes,
737 4193 780 4256 uti
816 4192 896 4272 apud
922 4189 1026 4253 Gallos
1051 4189 1097 4274 (et
1120 4187 1214 4250 bodie

215 4333 340 4397 quoque
363 4312 532 4394 generatim
557 4317 644 4374 extra
668 4302 801 4387 ltaliam)
828 4323 895 4366 mos
918 4301 1019 4364 adhue
1043 4302 1136 4384 riget,
1164 4299 1217 4381 qui
