3022 5144
278 464 341 528 128
665 482 828 528 suusuuura
851 484 953 532 naeus.

275 642 401 714 tempore
421 640 519 706 postea
539 632 575 690 ab
595 649 693 690 eorum
713 634 919 694 successoribus
940 641 1129 702 removeatur,
1153 637 1203 696 sed
1223 653 1334 712 semper

274 732 455 796 commutatio
477 731 536 806 ipsa
556 731 831 806 firmispermaneat;
855 741 882 790 et
902 734 1217 804 siremoverevoluerit‚
1242 753 1333 810 poena

277 831 348 890 inter
368 849 397 888 se
419 830 559 902 conligata
580 837 730 902 conponat

349 929 457 1010 (llll)
479 929 534 986 11.
555 928 682 985 Relatum
701 935 743 984 est
758 929 849 996 nobis,
872 930 948 1002 quod
970 947 1145 1004 nuncusque
1167 931 1228 988 talis
1245 930 1335 987 fuissit

273 1029 459 1098 consuitudo,
491 1034 521 1084 ιιι
540 1025 708 1083 monasteria
730 1026 772 1084 rel
793 1027 900 1100 reliqua
921 1029 982 1086 loca
1004 1030 1192 1100 venerabilia,
1221 1047 1279 1103 que
1303 1029 1332 1086 in

275 1127 440 1185 defensione
466 1123 535 1188 sacri
562 1123 740 1202 palatiilesse
763 1131 931 1192 noscuntur,
964 1127 1159 1200 conpositione
1180 1129 1265 1185 dubla
1287 1145 1335 1184 ex-

255 1231 404 1296 ,egesseut
432 1223 467 1280 ab
496 1221 657 1278 bominibus
687 1221 735 1294 qui
763 1221 873 1294 inipso
899 1224 1066 1282 venerabilia
1087 1226 1147 1284 loca
1170 1241 1333 1298 conponere

273 1323 422 1386 devehant,
444 1320 515 1378 sicut
534 1318 618 1376 curtis
639 1319 714 1390 regia
737 1335 854 1390 exegere
877 1320 991 1382 videtur.
1024 1321 1104 1380 Nunc
1124 1330 1216 1380 autem
1237 1322 1335 1380 statui-

274 1437 346 1485 mus,
368 1426 398 1476 ut
419 1414 606 1484 monasteria,
629 1416 765 1484 baselica,
791 1419 832 1474 vel
854 1419 1064 1488 exenodoebia,
1087 1437 1160 1493 quae
1181 1422 1216 1478 ad
1237 1421 1334 1494 palatii

272 1517 465 1576 defensionem
486 1530 545 1572 esse
567 1521 737 1584 noscuntur,
769 1515 792 1572 si
820 1516 1016 1590 conpositione
1045 1533 1163 1590 exegere
1190 1519 1332 1587 debuerit,

274 1633 331 1674 non
353 1619 473 1686 exegant
492 1613 563 1671 sieut
582 1612 618 1670 de
639 1629 720 1670 causa
742 1613 819 1684 regia
833 1614 960 1680 dublum,
985 1614 1038 1672 nisi
1059 1614 1130 1673 sicut
1150 1616 1203 1675 alia
1218 1632 1335 1674 reuera·

272 1714 340 1772 bilia
361 1715 422 1770 loca
444 1717 565 1781 exegunt
586 1725 640 1782 que
661 1711 695 1767 ad
717 1710 820 1783 palatio
843 1727 899 1766 non
922 1719 1097 1784 perteneunt.

352 1809 474 1886 (11111.)
505 1810 564 1866 18.
590 1807 626 1887 ¹Si
649 1809 710 1880 quis
731 1809 931 1880 Langobardus
957 1812 1160 1890 qualecumque
1188 1827 1247 1868 rem
1268 1827 1335 1884 pos-

272 1913 401 1982 sederit,¹
423 1915 452 1966 et
477 1909 605 1966 custodes
631 1908 758 1964 locorum
783 1908 983 1988 venerabilium
1009 1910 1044 1966 de
1070 1909 1138 1982 ipsis
1163 1910 1245 1966 rebus
1266 1927 1333 1966 eum

270 2007 477 2076 molestaverit,
510 2005 617 2078 etipse
638 2005 843 2078 possessionem
864 2023 941 2064 suam
963 2009 998 2064 de
1020 2009 1132 2080 triginta
1154 2023 1243 2064 annos
1264 2025 1335 2065 con·

270 2108 430 2181 signaverit,
454 2111 482 2162 et
501 2103 560 2179 ejus
581 2101 711 2160 claruerit
731 2103 879 2184 possessio,
901 2105 1051 2176 possedeat
1069 2113 1098 2162 et
1116 2105 1145 2162 in
1167 2111 1258 2165 autea.
1288 2105 1332 2162 Si-

270 2208 374 2266 militer
394 2213 422 2262 et
443 2200 611 2274 venerabilia
633 2201 694 2256 loca
716 2199 873 2284 faciantne
894 2202 976 2259 rebus
991 2219 1067 2284 quae·
1080 2203 1132 2276 ipsi
1148 2204 1328 2276 possedeant,

271 2307 293 2365 si
315 2323 331 2364 a
352 2299 546 2372 Langobardis
567 2297 669 2378 fuerint
689 2299 798 2370 pulsati.
828 2300 901 2368 Quia
928 2301 1052 2372 anterior
1071 2283 1186 2360 Edictus
1205 2301 1334 2358 coartenit

272 2405 307 2462 de
327 2401 453 2476 quinque
474 2413 612 2454 annorum
635 2396 856 2478 possessionem,
881 2397 979 2472 utqui
1003 2398 1158 2470 possederit
1178 2415 1228 2471 per
1248 2381 1331 2473 quin·

272 2518 326 2575 que
346 2513 437 2568 annos
458 2495 487 2553 iu
510 2493 578 2552 facie
599 2494 657 2567 ejus
673 2493 720 2575 qni
735 2494 895 2566 pulsaverit,
919 2495 978 2568 ipse
996 2496 1150 2554 secundum
1166 2497 1258 2567 legem
1279 2497 1329 2560 de-

271 2598 381 2662 fendat;
410 2602 439 2652 et
464 2595 525 2651 loea
557 2592 730 2666 venerabilia
754 2593 827 2649 iuter
853 2609 882 2648 se
904 2593 939 2650 de
961 2593 1043 2650 rebus
1063 2593 1233 2666 quibuslebit
1260 2612 1329 2668 qua·

270 2696 397 2768 draginta
417 2707 556 2751 annorum
576 2689 714 2766 possessio
736 2689 906 2747 excluditur:
929 2691 993 2750 ideo
1011 2691 1116 2764 J'ustum
1137 2691 1275 2763 duximus,
1300 2700 1330 2750 ut

270 2793 320 2869 qui
341 2810 391 2867 per
411 2789 525 2862 triginta
547 2805 636 2846 annos
657 2787 812 2865 possederit
832 2789 980 2870 possedeat
1000 2794 1026 2846 et
1047 2788 1076 2846 in
1098 2795 1188 2851 antea.
1216 2849 1218 2856 ,

349 2889 404 2965 (X)
437 2889 498 2946 19.
528 2886 558 2962 Si
580 2885 642 2960 quis
662 2886 862 2956 Langobardos
890 2903 1000 2944 causam
1021 2886 1149 2944 habuerit
1177 2904 1240 2945 cum
1260 2888 1329 2945 locis

271 2987 544 3058 venerabilibusque
566 2983 601 3041 ad
619 2982 810 3062 defensionem
831 2983 902 3041 sacri
923 2983 1017 3066 palatii
1038 3000 1097 3042 esse
1119 2992 1281 3056 noscuntur,
1305 2987 1327 3043 si

270 3086 355 3144 fuerit
374 3101 455 3142 eausa
476 3083 551 3138 uude
572 3087 774 3146 sacramentum
796 3081 897 3140 debeat
917 3082 1087 3156 procedere,
1116 3083 1140 3138 si
1157 3083 1243 3158 judex
1264 3084 1328 3141 aba·

240 3247 242 3252 ,
271 3193 338 3250 tem,
362 3182 505 3240 custodem
526 3181 569 3237 vel
591 3181 762 3256 prepositum
784 3181 953 3252 pulsaverit,
973 3180 1042 3264 'ipse
1063 3179 1090 3236 ei
1111 3179 1275 3238 satisfaciat:
1304 3180 1327 3236 si

270 3290 363 3340 autem
383 3280 454 3350 aba,
484 3285 577 3334 custus
605 3285 652 3334 aut
672 3278 830 3350 prepositus
851 3278 974 3350 judicem
996 3279 1164 3360 pulsaverit,
1187 3284 1213 3336 et
1235 3295 1326 3336 sacra·

227 3401 229 3406 ’
271 3385 396 3438 mentum
413 3377 506 3433 datum
525 3375 586 3432 lieri
604 3375 741 3445 debuerit,
764 3375 823 3448 ipse
841 3375 926 3448 judea
943 3376 969 3431 ei
985 3385 1185 3454 sacramentum
1197 3377 1325 3433 deducat.

272 3477 302 3534 81
323 3493 387 3533 vero
409 3475 480 3531 alter
498 3473 699 3543 langobardus
720 3473 848 3530 babuerit
868 3488 978 3528 cansam
1000 3489 1062 3528 cum
1083 3474 1228 3543 abatibus,
1251 3473 1326 3529 unde

271 3574 400 3632 similiter
420 3577 623 3628 sacramentum
644 3570 794 3628 deductum
815 3569 875 3628 fieri
904 3569 1023 3640 debeat,
1053 3553 1238 3644 anteponatur
1267 3570 1326 3644 ipse

271 3673 337 3730 abas
358 3672 453 3736 solus3
486 3685 550 3725 nam
571 3667 640 3724 alins
661 3669 756 3740 quales
778 3667 912 3738 clegerit,
944 3669 1040 3741 quanti
1062 3668 1214 3725 seeundum
1235 3669 1326 3739 legem

268 3772 360 3845 jurare
375 3767 534 3833 debuerint,
557 3773 760 3823 sacramentum
781 3767 939 3822 deducant:
962 3766 1000 3823 ita
1017 3772 1109 3823 ιιιιιιιι
1132 3772 1160 3822 ut
1180 3764 1241 3839 ipse
1262 3767 1327 3825 abas

271 3868 333 3926 talis
354 3867 409 3936 sit,
442 3865 490 3940 qui
521 3881 571 3938 per
591 3865 715 3933 regulam
741 3863 895 3920 secundum
915 3865 1007 3921 Deum
1028 3864 1115 3930 vivat,
1140 3871 1165 3922 et
1187 3865 1326 3938 subjectos

270 3966 424 4024 monachos
455 3979 542 4036 usque
573 3961 775 4034 quinquaginta
806 3968 834 4017 et
862 3961 979 4034 amplius
1009 3978 1072 4018 eum
1101 3979 1135 4018 eo
1163 3963 1327 4033 regulariter

270 4064 372 4121 vivant.
414 4062 445 4119 81
476 4061 588 4135 quidem
620 4076 684 4116 cum
705 4058 760 4115 alio
781 4043 923 4116 custodem
954 4061 996 4117 vel
1024 4059 1179 4132 prepositus
1200 4061 1236 4118 de
1256 4060 1325 4117 locis

270 4158 475 4218 venerabilibus
496 4175 607 4216 eausam
627 4157 766 4227 babuerit,
790 4157 848 4230 ipse
869 4159 990 4216 custodis
1012 4159 1054 4215 vel
1070 4157 1217 4230 prepositis
1235 4174 1325 4216 sacra·

270 4265 395 4316 mentum
416 4257 565 4314 deducant.

350 4352 426 4431 (111.)
468 4358 533 4413 80.
574 4353 606 4412 81
625 4352 689 4426 quis
711 4369 775 4410 cum
795 4359 871 4410 curte
897 4353 971 4424 regis
992 4369 1103 4410 causam
1122 4353 1264 4423 habuerit,
1297 4359 1325 4410 et

270 4451 393 4511 evenerit
423 4458 453 4510 ut
482 4467 544 4525 pars
565 4449 650 4509 curtis
674 4449 748 4522 regis
768 4455 969 4510 sacromentum
997 4450 1135 4508 deducere
1156 4450 1276 4520 debeat,
1300 4451 1323 4507 si

1458 2001 1460 2090 ,
