3022 5144
1186 530 1278 592 15,

220 701 302 781 apud
318 700 547 781 Langobardos.
575 719 629 780 pes
654 709 727 766 tero
752 701 919 781 quadratus
944 722 983 764 ex
1003 723 1036 764 se
1054 705 1122 785 ipso
1137 707 1226 787 inep-

220 821 268 874 tus
291 819 337 874 est
360 813 399 874 ad
424 813 649 874 aestimandum
665 815 796 892 pretium
814 815 918 894 operis
932 813 1088 879 fornicati:
1108 826 1227 898 postre-

221 943 304 986 mum
328 933 433 989 temen
456 924 647 1006 praeferam,
680 925 799 991 adiecta
830 895 996 1010 hipothesi
1020 948 1146 994 arcuum
1171 951 1228 1012 per

218 1036 309 1100 unius
343 1037 446 1104 lateris
478 1037 712 1104 crassitudinem
743 1059 867 1120 semper
895 1048 1090 1106 structorum
1149 1044 1226 1104 Nam

219 1157 453 1216 concameratee
481 1150 578 1214 cellae
611 1150 825 1232 langobardis
853 1172 935 1233 pene
963 1153 1099 1234 ignotae,
1133 1154 1226 1218 forni-

217 1281 350 1344 cnmque
383 1283 455 1326 usus
483 1263 626 1332 fenestris
662 1273 692 1328 et
728 1265 830 1328 ianuis
859 1255 1077 1348 cooperiendis
1106 1274 1225 1330 tantum

217 1384 368 1450 servatus,
395 1375 426 1438 in
450 1377 561 1458 quibus
585 1385 761 1444 constantes
786 1398 950 1443 mensurae
973 1398 1030 1460 pro
1054 1379 1225 1444 domestico

218 1509 316 1562 more,
343 1497 491 1554 constans
508 1490 622 1570 etipsa
642 1509 731 1566 unns
750 1491 936 1562 crassitud03
963 1490 1033 1554 data
1047 1490 1224 1574 hypothesi,

221 1611 411 1666 evanescunt
434 1602 640 1668 difficultates.
688 1601 825 1683 Ingentis
849 1602 940 1682 pretii
964 1622 1089 1668 causare
1112 1603 1223 1678 habes,

220 1714 329 1783 leetor,
355 1714 560 1786 interniciem
584 1714 769 1782 necessariis
796 1715 1002 1782 armamentis.

307 1828 450 1890 Notanda
474 1848 536 1890 vox
552 1829 664 1888 oderit
677 1827 813 1891 radicem
830 1827 1010 1909 praeterens
1028 1829 1124 1894 italici
1139 1830 1226 1892 verbi

218 1941 325 2000 culture
347 1959 388 1998 un
409 1958 489 2013 orco,
515 1939 568 2020 qui
592 1939 715 2002 dicendi
733 1941 847 2002 modus,
861 1939 1130 2020 frequentissimus
1144 1943 1225 2023 apud

220 2051 385 2132 scriptores
409 2051 524 2114 saeculi
548 2051 620 2114 XIV
644 2059 675 2114 et
697 2053 906 2134 sequentium,
932 2053 1069 2134 itemque
1092 2054 1225 2134 optimus

220 2172 253 2226 et
272 2163 486 2245 praeseferens
509 2173 644 2238 motum,
684 2174 718 2228 nt
739 2165 783 2228 ita
802 2166 925 2237 dicam,
951 2165 1078 2246 parietis
1102 2185 1136 2228 se
1160 2166 1226 2228 vol-

219 2277 319 2338 ventis
342 2297 462 2338 sursum
486 2286 519 2339 ut
542 2277 741 2358 semetipsum
766 2277 896 2340 ed'verso
921 2279 1095 2360 coniungat.
1128 2278 1225 2342 Voca-

220 2387 292 2450 bulo
315 2395 379 2453 tarn
401 2391 577 2454 necessario
601 2390 736 2473 caruisse
753 2391 910 2455 Romanos
930 2390 1113 2454 incredibile
1136 2399 1221 2472 puto,
1250 2389 1254 2404 '

219 2509 322 2563 tamon
351 2503 389 2564 ed
420 2522 477 2566 nos
501 2521 562 2565 non
585 2503 738 2582 pervenit,
765 2511 796 2566 ot
825 2503 867 2566 de
887 2502 945 2564 illo
964 2503 1061 2568 tacuit
1083 2503 1150 2584 ipse
1174 2505 1226 2564 Vi-

219 2614 351 2682 navius,
386 2615 439 2696 qui
472 2615 504 2676 in
536 2615 725 2678 Graecorum
747 2615 923 2696 praeceptis
947 2616 1074 2680 studens
1104 2625 1136 2680 et
1158 2617 1225 2698 ipsa

216 2727 384 2807 praecipua
411 2747 537 2792 suorum
566 2745 662 2807 opera
689 2747 841 2808 persaepe
872 2728 1036 2810 ignorarit.
1095 2727 1225 2794 Ovidius

216 2847 321 2902 nmen
345 2841 432 2916 (net.
456 2840 509 2900 ru.
536 2839 612 2916 159)
636 2838 730 2901 nano
753 2842 852 2900 onem
874 2859 973 2902 arcum
997 2891 1104 2906 ......
1171 2819 1174 2824 ’

799 3058 875 3116 Nam
900 3056 1023 3136 pumice
1045 3056 1115 3117 vivo

305 3153 344 3229 Et
367 3135 485 3230 levibus
510 3169 612 3250 tophis
636 3169 773 3230 nativum
798 3168 927 3230 duxerat
953 3187 1070 3229 arcum.

304 3298 339 3358 ss·
364 3317 429 3360 cero
457 3303 592 3362 melaino
621 3301 798 3378 capellanoril
821 3301 942 3377 nrcjorcc
965 3300 1099 3370 minores,
1126 3301 1223 3377 capita

216 3412 317 3488 oipimi
335 3429 389 3490 per
410 3415 542 3501 tropicae.
567 3413 712 3474 Materies
735 3431 752 3472 a
777 3412 872 3473 latino
895 3413 1027 3484 metio,
1054 3403 1134 3493 quae
1159 3430 1221 3473 vox
1308 3419 1310 3427 '

218 3529 265 3582 est
296 3522 406 3602 optimi
432 3525 523 3598 ‘acvi‚
558 3543 682 3606 quaque
713 3522 866 3606 significat
897 3523 1043 3604 Ulpianus
1077 3523 1161 3606 ligna
1184 3525 1225 3586 ad

216 3635 398 3698 eruendum
421 3634 677 3717 fulciendumque·
696 3642 777 3716 apta.
818 3635 900 3697 unde
923 3634 1053 3717 hispana
1077 3657 1139 3697 vox
1162 3657 1227 3698 mo·

218 3749 295 3808 doru
343 3747 480 3810 Verbum
504 3745 641 3826 capellare
669 3767 763 3828 saepe
805 3747 890 3810 hisce
913 3749 945 3809 in
969 3748 1090 3830 legibus
1120 3769 1227 3810 occur·

219 3861 267 3927 rit,
296 3868 416 3922 serrata
440 3879 564 3940 semper
587 3859 811 3940 significatione
836 3860 985 3922 caedendi
1001 3860 1050 3921 vel
1068 3859 1223 3922 evellendi

219 3969 268 4049 (cl.
295 3972 559 4055 Margarinisllict.
584 3973 671 4050 neap.
692 3971 762 4049 aa),
788 3973 827 4034 ab
853 3991 954 4053 eoque
978 3973 1145 4034 deductum
1166 3973 1224 4035 ita·

219 4085 312 4148 lion·
345 4087 533 4164 scopitoszarc
557 4085 607 4147 vel
632 4088 824 4165 capitnazarc,
858 4093 991 4165 utraque
1013 4084 1151 4146 radicem
1171 4085 1227 4147 lra-

217 4197 323 4260 beotia
345 4197 377 4258 in
401 4198 498 4262 latino
522 4199 710 4277 capitulorez·
728 4198 787 4259 hoc
811 4217 886 4259 sero
909 4197 941 4256 in
965 4196 1037 4258 loco
1059 4197 1223 4278 perspicue

219 4309 372 4391 signifieat
405 4329 532 4392 operam
565 4310 715 4373 caedendi
748 4308 843 4389 tigilla
882 4309 996 4371 maiora
1027 4316 1060 4370 et
1094 4309 1224 4381 minora,
