3022 5144
532 557 671 603 nororms
694 557 760 604 usn.
785 553 813 599 ss
826 577 853 588 -
866 553 901 598 es.
1226 539 1268 602 89

211 711 241 767 in
262 725 358 766 mense
369 725 426 766 unc
437 709 528 782 ipsum
545 709 936 782 hominemperquirenduma
959 709 1024 766 etsi
1043 723 1106 766 eum
1119 708 1266 778 invenerit,

210 809 352 866 licentiam
375 809 476 864 habeat
495 806 586 879 ipsum
607 807 771 872 hominem,
801 807 926 880 quamvis
953 807 1025 864 liber
1052 807 1105 876 sit,
1134 823 1269 879 conprae-

210 907 402 974 hindendum,
425 912 453 960 et
473 905 639 961 tradendum
659 905 688 961 in
709 921 807 962 manus
829 905 903 962 illius
925 906 969 962 cui
990 905 1171 962 homicidium
1193 904 1267 962 lecit.

211 1005 247 1060 Et
277 1004 299 1060 si
331 1003 383 1059 hoe
414 1019 471 1057 non
501 1001 616 1070 lecerit,
644 1003 709 1058 dare
738 1003 834 1060 deveat
860 1003 1054 1060 mediaetatem
1076 1003 1111 1058 de
1134 1003 1270 1060 omnebus

211 1102 294 1158 rebus
315 1101 472 1164 movilibus,
497 1107 613 1173 excepto
635 1107 770 1166 tecturas,
795 1102 913 1174 quasin
936 1102 995 1174 ipsa
1016 1119 1077 1158 casa
1098 1101 1158 1173 ipse
1180 1101 1270 1157 humi-

211 1199 273 1255 cida
294 1198 405 1267 habult,
437 1198 513 1270 quod
541 1199 563 1254 si
592 1215 644 1254 nec
673 1200 727 1254 hoc
756 1200 875 1257 voluerit
903 1199 992 1256 lacere
1019 1201 1078 1272 ipse
1099 1199 1176 1272 cujus
1197 1207 1269 1255 terra

211 1305 261 1366 est,
285 1297 351 1352 dare
373 1297 470 1353 deveat
490 1295 625 1352 livellario
648 1297 764 1353 nomine
791 1297 851 1370 ipsa
877 1303 949 1354 terra
970 1298 996 1354 ei
1022 1299 1065 1354 cui
1087 1297 1269 1353 bumicidium

211 1395 394 1462 factumest,
427 1401 456 1449 ut
485 1395 583 1450 reddat
611 1396 636 1450 ei
658 1395 759 1451 exinde
786 1397 858 1451 sicut
884 1397 931 1452 ille
954 1396 1088 1452 reddebat
1110 1395 1157 1468 qui
1179 1395 1269 1468 ipsum

210 1492 392 1549 homicidium
413 1491 486 1550 lecit.
510 1493 615 1548 Tamen
637 1493 671 1548 de
693 1493 736 1549 his
757 1495 851 1549 trebus
872 1495 998 1566 capitulis
1020 1496 1049 1549 in
1071 1493 1144 1550 illius
1165 1492 1200 1548 sit
1221 1510 1271 1564 pu-

211 1597 337 1646 testatem
360 1591 488 1660 elcgendi
519 1589 596 1662 cujus
617 1598 689 1646 terra
711 1597 769 1659 est,
803 1599 832 1646 ut
863 1591 944 1648 saciat
969 1591 1070 1646 exinde
1099 1608 1182 1646 unam
1204 1607 1270 1663 qua-

210 1689 266 1744 lem
286 1688 413 1746 voluerit.

291 1784 349 1860 (X.)
373 1787 437 1842 93.
459 1783 489 1839 Si
503 1783 565 1856 quis
580 1785 725 1840 mulierem
742 1791 789 1842 aut
805 1785 926 1858 puellam
946 1791 992 1840 aut
1007 1783 1138 1854 religiosa
1153 1784 1268 1855 femina,

211 1900 283 1957 quae
308 1885 337 1940 in
368 1882 480 1939 alterius
509 1881 655 1940 mundium
677 1889 728 1948 est,
752 1883 781 1940 in
810 1889 983 1940 sacramento
1011 1882 1120 1938 mittere
1146 1898 1271 1954 presum-

210 1981 310 2055 pserit,
334 1987 476 2054 conponat
496 1981 649 2037 mundoald
672 1981 729 2054 ejus
750 1983 854 2038 solidos
876 1997 993 2037 numero
1014 1997 1041 2050 u,
1065 1987 1092 2036 et
1117 1979 1146 2036 in
1168 1980 1271 2052 palatio

211 2097 329 2137 numero
351 2098 376 2137 ι.

291 2175 366 2251 (xl.)
388 2179 451 2234 94.
478 2177 508 2232 Si
530 2177 593 2250 quis
614 2177 701 2235 iream
722 2178 842 2234 alienam
863 2178 923 2234 sine
944 2179 1114 2234 volontatem
1136 2177 1170 2232 de
1192 2193 1272 2232 mun·

212 2277 296 2333 doald
318 2275 376 2347 ejus
398 2291 508 2330 movere
540 2277 574 2332 de
597 2292 659 2333 casa
680 2277 729 2332 ubi
750 2276 888 2333 inhabitat
909 2275 1127 2350 presumpserit,
1157 2281 1184 2330 et
1204 2274 1271 2331 alibi

211 2375 330 2442 duxerit,
354 2380 496 2446 conponat
516 2374 564 2430 ille
586 2375 635 2447 qui
656 2374 684 2430 in
699 2381 782 2446 caput
803 2383 844 2430 est
865 2391 915 2448 pro
934 2375 1046 2430 inlecita
1062 2371 1270 2446 presumptione

211 2471 247 2528 ad
267 2471 420 2552 mundoald
442 2471 501 2542 ejus
522 2471 626 2527 solidos
654 2489 770 2528 numero
801 2489 891 2537 arm
923 2478 950 2526 et
979 2472 1001 2527 si
1031 2471 1113 2527 liberi
1142 2470 1270 2526 homenis

210 2568 354 2640 cumipse
376 2569 495 2637 luerent,
518 2577 660 2641 conponat
682 2569 815 2641 unusquis
837 2585 887 2641 per
908 2577 990 2641 caput
1007 2569 1176 2626 solidosrx:
1199 2567 1270 2624 servi

211 2673 303 2724 autem
324 2666 352 2721 in
375 2665 569 2738 conpositione
591 2666 698 2722 domini
720 2667 761 2723 sui
784 2673 980 2738 conpetentur.
1002 2667 1072 2724 Nam
1093 2667 1115 2722 si
1132 2667 1204 2722 lorte
1224 2667 1270 2721 ille

210 2765 294 2821 homo
315 2764 387 2820 liber
407 2763 508 2832 luerit,
538 2764 585 2836 qui
611 2763 699 2836 ipsam
720 2764 807 2820 iream
833 2764 867 2820 de
890 2781 951 2821 casa
973 2765 1020 2821 uhi
1042 2773 1084 2820 est
1104 2765 1213 2833 tulerit,
1244 2770 1271 2818 et

211 2862 263 2918 sibi
284 2869 401 2918 uxerem
433 2861 560 2931 duxerit,
594 2861 634 2918 sic
661 2869 818 2934 conponat,
852 2863 923 2919 sieut
952 2863 1090 2933 gloriosae
1119 2861 1270 2918 memoriae

210 2960 356 3016 Rornanrr
379 2976 428 3015 rex
448 2960 477 3014 in
499 2960 638 3016 anteriore
659 2959 760 3016 Edicto
781 2959 910 3016 instituit.

291 3055 384 3128 (llll.)
421 3058 485 3116 eo.
517 3059 545 3115 Si
569 3059 751 3132 quiscumque
772 3058 844 3115 liber
865 3061 949 3114 horno
971 3058 1100 3114 ancillam
1121 3072 1199 3113 suam
1220 3071 1270 3128 pro

210 3154 355 3226 religionis
375 3161 402 3210 et
422 3156 575 3212 munditiae
597 3173 678 3213 causa
699 3163 801 3212 vestem
832 3155 991 3226 religiosam
1012 3155 1150 3224 induerit,
1181 3161 1211 3208 ut
1232 3153 1268 3223 ei,
1326 3197 1328 3204 .

209 3255 280 3311 sicut
300 3253 465 3310 consuitudo
487 3259 575 3310 terrae
607 3255 708 3311 aestius
738 3259 793 3322 est,
825 3253 1001 3310 inferendam
1021 3261 1068 3308 aut
1099 3251 1270 3308 oblationem

209 3368 260 3426 per
288 3353 353 3422 loga
375 3359 535 3408 sanctornm
556 3352 653 3408 deveat
674 3352 838 3423 deportare,
872 3357 899 3407 et
919 3347 1075 3421 contegent
1095 3367 1128 3406 ex
1149 3349 1270 3423 peccatis

211 3457 241 3505 ut
262 3449 398 3522 quispiam
420 3450 504 3504 homo
527 3465 588 3504 eam
605 3465 719 3504 exorem
743 3450 834 3518 ducat,
858 3449 1026 3522 ubicumque
1043 3449 1148 3504 inventi
1161 3447 1271 3505 luerent

211 3553 384 3620 separentur,
409 3553 436 3602 et
456 3552 597 3619 conponat
619 3547 678 3620 ipse
700 3547 748 3620 qui
770 3564 831 3603 eam
854 3549 916 3605 tolit
938 3563 1052 3604 exorem
1073 3547 1187 3604 domino
1212 3548 1270 3618 ejus

211 3645 316 3700 solidos
336 3661 381 3708 xc,
406 3650 434 3699 et
453 3644 500 3700 illa
521 3651 674 3700 revertatur
693 3645 723 3701 in
745 3644 892 3717 pristinum
913 3645 1049 3702 habitum.
1073 3646 1155 3715 Quod
1177 3645 1199 3701 si
1221 3643 1271 3701 ali·'

212 3742 273 3815 quis
294 3758 366 3805 eam,
382 3741 465 3813 “quod
477 3742 558 3810 absit,
574 3743 780 3809 adulteraverit,
803 3743 887 3801 simili
902 3745 985 3801 modo
997 3753 1138 3817 conponat
1154 3743 1268 3799 domino

143 3901 148 3917 ι
212 3840 269 3912 ejus
291 3840 395 3896 solidos
416 3856 533 3895 numero
554 3857 607 3895 xa:
630 3840 694 3913 quia
717 3842 829 3899 Edictus
851 3844 975 3900 anterior
993 3845 1027 3900 de
1049 3843 1152 3915 gentile
1168 3841 1269 3899 ancilla

212 3939 363 3996 adulterata
384 3955 421 3993 xx
442 3937 545 3994 solidos
567 3940 692 3996 contenit
713 3948 743 3996 ut
764 3951 950 4013 conponatur,
973 3943 1007 3998 de
1022 3941 1074 3998 Dei
1087 3941 1270 4014 quidem‘an·

213 4035 276 4093 oilla
294 4035 399 4107 justum
420 4041 511 4092 estut
532 4037 688 4110 conpositio
710 4039 875 4096 dublicetur.
898 4039 1095 4097 Verumtamen
1115 4039 1154 4095 sic
1175 4038 1270 4096 statui-

213 4151 289 4203 mus,
318 4141 348 4190 ut
374 4133 397 4191 si
419 4142 532 4208 provata
554 4153 635 4192 causa
668 4137 749 4192 luerit
769 4154 820 4210 per
840 4132 1028 4211 pre'svcterum
1056 4137 1206 4194 aulalium
1227 4155 1269 4194 sa-

212 4234 372 4303 cerdotem,
404 4235 545 4306 quomodo
576 4235 636 4306 ipsa
663 4241 765 4292 restem
793 4237 925 4306 religiosa
952 4237 1048 4292 induta
1070 4243 1130 4304 est,
1160 4243 1268 4293 utnon

212 4331 260 4388 liat
280 4330 362 4388 alicui
384 4331 491 4389 homini
512 4333 649 4389 calomnia
675 4350 726 4407 pro
756 4335 911 4406 figmento,
944 4334 993 4390 sed
1019 4351 1069 4407 pro
1098 4343 1172 4391 certa
1199 4335 1269 4392 veri-

212 4437 284 4497 tate3
317 4437 345 4486 et
374 4431 440 4488 dum
466 4431 592 4504 provatio
623 4449 687 4488 vcra
715 4433 785 4491 lacta
816 4433 917 4502 luerit,
951 4431 990 4488 sic
1021 4432 1081 4505 ipsa
1111 4431 1268 4505 conpositio

214 4529 275 4586 deri
300 4529 407 4586 deveat.
