3048 5130
554 515 694 562 unrcrmr
716 513 781 562 cnr.
804 507 944 554 rec-rm.
1232 491 1275 555 16

298 665 386 726 166.
428 667 459 724 Si
480 664 542 740 quis
563 665 664 722 dixerit
684 664 719 720 de
740 679 856 721 cxcrem
877 662 1017 728 alienam,
1039 662 1115 738 quud
1143 659 1275 719 mundius

219 768 254 824 ad
274 767 365 838 ipsum
385 769 544 838 perteneat,
577 779 643 820 nam
663 776 721 818 nen
743 762 779 818 ad
799 761 945 831 maritum,
977 767 1044 818 tunc
1062 761 1110 818 illc
1137 759 1185 833 qui
1213 775 1275 818 eam

219 865 296 922 habit
316 880 430 920 onorem
450 868 565 936 preveat
584 866 790 932 sagramentum
810 876 873 916 cum
893 860 1045 930 legetemes
1061 858 1275 929 sagramentalcs

218 979 282 1018 suns
304 962 467 1026 duodicem,
500 961 576 1033 quud
597 960 632 1016 de
653 965 730 1016 certe
750 957 866 1014 domino
887 957 1033 1014 mundium
1053 955 1139 1028 ipsius
1159 954 1273 1025 fecissit,

218 1067 247 1116 ct
274 1076 332 1116 nnn
353 1075 418 1115 cum
438 1058 516 1115 alteri
537 1075 589 1131 per
614 1060 704 1129 legem
725 1057 864 1114 dimittere
891 1057 998 1113 deveat.
1042 1055 1071 1111 si
1093 1054 1146 1110 hoe
1166 1053 1272 1122 fecerit,

218 1158 320 1214 habeat
342 1164 370 1212 et
390 1157 512 1222 fruatur3
535 1156 598 1228 quia
620 1156 753 1228 injustum
773 1155 887 1212 vedetur
907 1171 985 1222 esse,
1013 1160 1044 1210 ut
1065 1160 1119 1210 tam
1139 1152 1274 1223 grandem

217 1272 328 1314 causam
348 1255 399 1311 sub
420 1271 506 1310 unum
526 1260 633 1310 scutum
654 1270 705 1326 per
724 1267 818 1325 pugna
839 1251 1002 1308 dimittatur.

296 1354 384 1410 166.
407 1351 461 1425 (De
472 1355 617 1424 suspitione
636 1354 667 1407 in
678 1353 808 1408 maritam
821 1352 893 1421 quod
907 1365 1017 1407 umorem
1029 1367 1106 1408 suam
1118 1352 1275 1430 occidinit.)

219 1452 247 1508 Si
269 1457 411 1523 suspectus
431 1451 515 1507 fucrit
535 1449 611 1522 quud
630 1448 746 1506 maritus
766 1464 882 1504 uxorem
897 1463 975 1504 suam
993 1448 1142 1516 occidissit,
1167 1450 1203 1508 ita
1218 1453 1276 1510 dis-

217 1550 373 1618 cernimus,
396 1557 427 1605 ut
447 1549 575 1621 purificet
595 1564 624 1604 se
644 1546 760 1603 maritus
781 1563 843 1603 curn
863 1548 1077 1617 sagramentales
1098 1564 1163 1606 sues
1183 1551 1276 1622 legiti-

216 1663 289 1713 mus,
311 1647 387 1720 quod
408 1647 509 1703 mixtos
529 1647 558 1702 in
580 1651 670 1702 morte
690 1645 777 1717 ipsius
798 1643 922 1700 mulieris
943 1660 1000 1700 nnn
1022 1643 1128 1715 fuissit,
1152 1663 1204 1704 nec
1224 1665 1275 1721 per

216 1762 245 1801 se
274 1761 326 1801 nec
356 1761 406 1816 per
425 1744 567 1816 subposita
588 1759 727 1815 persona:
750 1747 778 1796 ct
797 1741 832 1796 sit
852 1742 993 1797 exsolutus
1014 1742 1049 1797 ab
1070 1742 1124 1800 hcc
1144 1744 1272 1812 crimeu3

216 1843 281 1916 quia
302 1842 451 1902 absurdum
467 1849 495 1898 et
512 1841 628 1913 impium
648 1840 763 1896 vedetur
777 1855 847 1909 csse,
869 1845 901 1894 ut
921 1839 989 1895 tales
999 1855 1094 1896 causas
1114 1842 1166 1897 sub
1186 1859 1273 1900 unum
1312 1865 1315 1870 ·

215 1947 323 1998 scutum
343 1955 395 2012 per
414 1955 537 2012 pugnam
558 1938 721 1996 dimittatur.

293 2039 375 2095 lut.
397 2037 452 2109 (Dc
471 2038 570 2106 (ratres
590 2040 637 2108 qui
656 2039 687 2093 in
708 2053 798 2093 ccccm
818 2051 981 2091 cmnmunem
1000 2037 1208 2112 renecaserent.)
1240 2039 1271 2096 Si

215 2135 311 2192 fratres
340 2141 403 2208 post
430 2143 549 2192 mortem
579 2134 664 2207 patris
688 2134 718 2190 iu
741 2150 804 2190 casa
831 2149 978 2191 commune
1009 2135 1214 2204 remanserint,
1245 2145 1273 2194 et

215 2249 287 2290 unus
308 2249 343 2290 ex
363 2232 431 2304 ipsis
451 2233 479 2288 in
503 2233 669 2305 obsequium
689 2232 762 2303 regis
783 2238 831 2288 aut
854 2230 955 2304 iudicis
976 2231 1082 2304 aliquas
1103 2250 1147 2290 res
1167 2234 1273 2307 adque-

215 2329 308 2386 sivcrit
319 2331 505 2395 serviendum,
529 2330 629 2386 habeat
644 2329 696 2386 sibi
710 2330 738 2386 in
756 2335 837 2385 antea
853 2329 957 2402 absque
971 2330 1129 2402 portionem
1145 2331 1269 2391 fratrum.
1285 2346 1286 2350 ’

214 2429 250 2484 Et
264 2428 312 2500 qui
329 2428 401 2483 foras
422 2428 450 2482 in
469 2429 620 2485 exercitum
641 2428 740 2501 aliquit
759 2426 949 2500 adquisiverit,
972 2443 1148 2486 communem
1163 2429 1199 2486 sit
1219 2430 1273 2488 ira·

215 2525 302 2581 tribus
323 2525 399 2598 quod
418 2525 448 2581 in
464 2543 526 2582 casa
539 2542 687 2582 commune
705 2525 849 2584 dimiserit.
871 2525 907 2580 Et
919 2524 944 2580 si
959 2525 1021 2598 quis
1035 2543 1069 2581 ex
1079 2528 1271 2601 suprascriptis

215 2623 343 2678 fratribus
364 2622 521 2692 gairethinx
542 2623 647 2691 fecerit,
669 2622 770 2680 habeat
790 2624 819 2680 in
840 2630 922 2680 antea
943 2623 987 2679 cui
1002 2624 1104 2681 factum
1121 2625 1212 2684 fucrit.
1235 2627 1272 2683 lit

214 2721 262 2794 qui
283 2739 317 2776 ex
337 2720 404 2793 ipsis
425 2737 541 2776 uxorem
562 2720 688 2790 duxerit,
722 2721 805 2777 etde
826 2721 908 2777 rebus
929 2736 1092 2778 communes
1112 2729 1185 2779 meta
1207 2724 1270 2781 data

213 2817 309 2874 licerit:
323 2818 435 2890 quaudo
453 2819 530 2874 alteri
548 2818 662 2890 quidem
678 2834 792 2874 exorem
804 2819 901 2874 tollere
913 2817 1073 2888 contigerit,
1096 2826 1143 2875 aut
1156 2821 1270 2893 quando
1322 2843 1324 2848 ¹

212 2917 247 2972 ad
269 2915 433 2972 divisionem
454 2916 608 2973 faciendam
629 2915 751 2986 venerit,
781 2916 865 2973 simili
886 2916 970 2973 modo
992 2916 1027 2972 de
1048 2933 1167 2974 cumune
1187 2920 1270 2976 rebus

213 3014 375 3069 refundatur
395 3014 419 3068 ei
441 3014 495 3070 alin
513 3020 631 3083 tantum,
654 3020 788 3087 quantum
809 3014 893 3070 frater
912 3014 942 3070 in
963 3020 1035 3071 meta
1052 3015 1140 3071 dedit.
1162 3017 1205 3072 De
1220 3032 1269 3088 pa·

212 3118 290 3166 terna
311 3116 402 3166 autem
423 3112 466 3166 vel
486 3117 609 3168 materna
631 3110 783 3168 substantia
805 3111 881 3185 qnod
897 3111 1014 3168 relicum
1029 3112 1120 3184 fuerit,
1144 3112 1217 3170 inter
1237 3130 1267 3170 se

212 3208 365 3280 acqualiter
386 3207 518 3266 dividant.

290 3307 376 3364 168.
398 3302 451 3379 (De
477 3307 685 3363 cmmoditaticce
703 3303 848 3380 filionrm.)
890 3305 964 3364 Nulli
986 3307 1068 3364 leciat
1092 3307 1153 3366 sine
1179 3314 1267 3367 certas

211 3405 305 3476 culpas
334 3403 423 3460 filium
448 3419 528 3460 suurn
556 3381 744 3473 cudreditare,
776 3420 827 3460 uec
848 3405 925 3476 quod
945 3403 972 3462 ei
997 3407 1131 3477 perlege
1151 3406 1268 3465 debetur

211 3501 257 3558 alii
278 3501 405 3572 thingarc

288 3601 377 3659 166.
401 3596 456 3672 (Dc
470 3600 559 3670 justae
579 3592 698 3669 culpae.)
736 3597 828 3654 tusus
848 3603 939 3655 autem
960 3601 1054 3673 culpas
1074 3601 1124 3658 has
1145 3617 1204 3662 esse
1225 3603 1267 3659 di·

211 3713 304 3754 cemus
325 3695 535 3754 exhereditandi
553 3695 658 3750 filium:
682 3694 704 3750 si
726 3695 799 3752 filius
815 3704 912 3754 centra
927 3698 1047 3755 animam
1066 3701 1265 3772 autsanguinis

211 3795 280 3867 patri
302 3795 446 3852 insidiatus
474 3801 521 3850 aut
541 3793 700 3850 consiliatus
721 3793 820 3864 fuerit,
850 3802 898 3853 aut
924 3796 946 3852 ai
973 3805 1079 3869 patrem
1100 3799 1266 3871 percusserit

210 3893 391 3960 voluntariae,
413 3898 461 3948 aut
473 3892 496 3947 si
516 3907 578 3948 cum
593 3889 721 3947 matrinia
736 3907 794 3963 sua,
816 3892 844 3949 id
860 3900 901 3950 est
917 3896 1077 3966 nubercam,
1098 3897 1262 3969 peccaverit,

206 3990 279 4063 juste
300 4008 316 4047 a
336 3996 414 4063 patre
434 3988 656 4045 exheredidetur.

288 4088 371 4147 lto.
413 4088 482 4143 ltem
502 4086 571 4143 sicut
592 4103 643 4143 nec
666 4086 789 4158 patribus
809 4088 916 4146 licitum
935 4096 977 4147 cst
993 4091 1081 4148 filium
1101 4106 1182 4149 suum
1202 4093 1263 4152 siue

206 4185 307 4258 justam
328 4199 439 4242 causam
459 4192 506 4241 aut
524 4187 606 4258 culpa
626 4185 835 4257 exhereditare,
867 4188 905 4245 ita
926 4205 978 4246 nec
999 4189 1072 4246 filius
1092 4190 1181 4248 leceat
1201 4192 1261 4251 vive

208 4289 287 4356 patre
315 4283 479 4356 cuicumque
506 4300 551 4339 res
580 4300 642 4342 suas
669 4283 815 4356 thiugare,
847 4291 894 4342 aut
921 4303 972 4359 per
991 4287 1133 4360 quodlcvit
1153 4290 1261 4349 titulum

208 4381 351 4445 alienare;
384 4381 437 4438 nisi
464 4381 534 4437 forte
562 4382 635 4438 filius
655 4389 702 4439 aut
721 4383 791 4440 filias
812 4384 948 4455 legitimas
969 4393 1016 4443 aut
1035 4385 1109 4444 filius
1129 4391 1261 4454 naturalis

209 4478 362 4552 reliquerit,
386 4484 417 4535 ut
435 4477 503 4552 ipsis
523 4480 676 4538 secundnm
697 4483 787 4553 legem
808 4483 953 4542 conseruit
