3048 5130
256 417 299 480 80
634 436 819 482 enarrassem
843 435 934 480 neers

253 605 302 660 per
322 604 399 644 usum
418 587 519 655 suimus
540 588 606 642 corti
623 589 660 642 od
675 589 886 651 terminandum,
909 604 958 643 nec
975 590 1006 644 in
1017 587 1110 645 Edisti
1120 604 1229 660 corporo
1249 597 1312 644 unte

254 691 388 751 intertoer
412 687 529 756 proinde
558 686 727 754 providimus
754 701 799 740 eos
828 701 910 755 usque
939 688 976 741 od
1004 687 1074 741 diem
1100 689 1311 758 suprascriptum

255 787 432 842 kalendorum
451 784 615 838 martiorum
634 785 804 853 suspendere,
827 785 892 839 dum
911 799 994 855 usque
1013 782 1099 840 no'ttri
1119 787 1157 840 od
1176 801 1225 840 not
1245 803 1309 841 con·

249 887 391 956 inceperint
406 884 522 954 judecis,
546 889 570 936 et
590 898 647 937 nno
668 897 727 936 curn
746 883 812 951 ipsis
834 887 934 938 eertum
950 883 990 938 ili
1002 885 1145 939 lominum
1159 886 1311 939 deveremus

254 984 396 1054 inponere,
419 982 492 1038 unde
508 986 602 1050 posteo
621 979 697 1035 nulla
718 985 782 1034 esset
802 980 926 1047 intentio,
949 983 1017 1037 siout
1038 988 1062 1037 et
1081 981 1183 1049 facturn
1204 989 1256 1049 ert,
1286 989 1310 1036 et

254 1081 343 1136 culter
363 1081 487 1150 lepontur
507 1078 642 1148 capitulo:
663 1078 782 1147 pdrnurn
802 1079 922 1132 mnrium

335 1176 388 1250 (l.)
429 1174 495 1232 65.
538 1175 578 1230 De
610 1190 644 1229 eo
674 1173 722 1246 qui
745 1173 830 1229 liliam
860 1174 888 1229 in
911 1175 1012 1247 capillo
1034 1175 1062 1231 in
1085 1177 1306 1239 casalensem,

254 1274 392 1331 etlilium
414 1290 470 1328 non
492 1272 637 1344 reliquerit
657 1272 839 1341 legetimum,
873 1279 903 1328 nt
931 1273 966 1329 de
997 1274 1086 1330 rebus
1111 1275 1169 1331 suis
1189 1274 1310 1346 amplius

255 1386 303 1446 per
325 1371 433 1428 nullum
455 1371 565 1426 titolum
582 1369 713 1442 cuiqnam
734 1386 784 1444 per
802 1369 984 1427 donationem
1005 1378 1054 1428 aut
1073 1388 1125 1444 pro
1146 1372 1237 1429 anima
1259 1389 1309 1428 sua

253 1472 343 1528 lacere
364 1469 460 1542 possit,
486 1469 537 1524 nisi
559 1468 645 1540 partis
668 1469 755 1533 duas;
784 1467 864 1524 tertia
886 1485 951 1524 vero
972 1470 1113 1543 relinquat
1133 1470 1207 1526 filiae
1229 1487 1306 1540 suae,

252 1570 324 1627 sieut
346 1569 404 1642 jam
431 1567 568 1638 gloriosae
590 1567 743 1624 memoriae
772 1569 898 1624 Rornnm
926 1585 973 1623 rex
996 1568 1128 1626 instituit,
1165 1568 1237 1637 Quia
1259 1567 1309 1640 qui

252 1667 331 1724 thinx
353 1666 432 1734 lacit,
456 1672 484 1722 et
504 1673 599 1738 postea
620 1665 707 1722 liliam
730 1665 869 1734 nascitur,
903 1665 931 1720 in
959 1667 1067 1723 tertiam
1088 1672 1195 1740 partem
1215 1667 1307 1739 ipsum

251 1765 329 1822 thinx
350 1763 472 1837 rumpit,
504 1764 661 1822 secundum
688 1764 856 1819 anteriorem
877 1764 1028 1829 Edictum
1056 1771 1083 1820 et
1111 1765 1135 1822 si
1163 1766 1232 1821 duas
1260 1771 1308 1820 aut

250 1863 386 1936 amplius,
418 1863 445 1918 in
468 1861 653 1918 mediaetate:
675 1861 740 1916 ideo
762 1877 831 1929 nos,
866 1861 934 1918 dum
954 1862 982 1918 ln
1004 1862 1065 1934 ipso
1086 1862 1185 1919 Edicto
1206 1861 1310 1932 legitur

251 1962 286 2018 de
306 1961 403 2025 thinx,
434 1959 512 2032 quod
533 1965 573 2014 est
595 1958 730 2024 donatio,
764 1959 845 2014 nobis
872 1959 999 2031 conparit
1026 1959 1103 2032 quod
1131 1976 1181 2031 per
1201 1959 1307 2016 nullam
1382 2004 1387 2013 .

250 2060 431 2122 donationem
454 2073 504 2112 nec
521 2072 570 2128 per
585 2055 728 2126 launegild
750 2057 836 2128 possit
851 2057 938 2113 liliam
951 2074 1029 2114 suam
1047 2059 1081 2114 de
1098 2057 1186 2130 ipsam
1199 2058 1307 2113 tertiam

250 2158 410 2230 portionem
430 2154 600 2210 substantiae
622 2169 688 2209 suae
710 2153 847 2210 exherede
869 2154 977 2224 lacere,
1001 2156 1071 2212 etsi
1093 2156 1162 2212 duas
1183 2163 1232 2212 aut
1250 2171 1307 2212 am·

251 2255 325 2329 plius
346 2255 466 2320 luerent,
490 2252 524 2306 de
546 2252 752 2309 mediaetatem·
1166 2311 1167 2316 η

331 2349 394 2426 (Π.)
428 2351 495 2408 tte.
525 2350 566 2404 lle
587 2347 874 2405 liberum-hominem
893 2349 944 2421 qui
966 2365 1080 2405 oxorem
1103 2349 1137 2405 de
1159 2365 1237 2405 servo
1260 2356 1308 2405 aut

251 2453 285 2508 de
307 2450 419 2506 aldione
439 2463 511 2517 suo,
535 2447 642 2503 vivente
663 2447 724 2520 ipso
745 2447 861 2513 marito,
890 2446 1000 2516 tolerit,
1024 2453 1052 2502 et
1072 2447 1146 2503 lilius
1168 2455 1216 2504 aut
1236 2447 1307 2503 filias

251 2548 352 2606 exinde
374 2547 430 2604 nati
454 2546 580 2610 luerent,
610 2545 764 2602 nullatinus
793 2544 819 2601 ei
845 2544 956 2602 heredis
983 2545 1149 2613 succedant,
1184 2545 1232 2600 sed
1255 2561 1306 2600 nec

249 2647 405 2703 libertatem
426 2660 505 2700 suam
520 2644 652 2712 habeant,
676 2659 728 2699 nec
749 2659 798 2716 per
815 2645 924 2698 nullum
941 2643 1025 2714 genio
1046 2643 1071 2699 ei
1094 2642 1227 2698 derebus
1249 2641 1306 2698 suis

250 2744 350 2817 aliquit
369 2743 460 2800 lacere
482 2743 587 2814 posslt3
611 2741 678 2814 qnia
700 2743 729 2797 in
746 2741 862 2797 durium
879 2742 956 2797 venit
971 2757 1082 2798 eausam
1102 2742 1206 2813 ipsam,
1228 2740 1307 2812 cujus

249 2842 324 2898 filius
344 2847 393 2898 aut
412 2840 469 2897 lilia
490 2839 545 2908 sit,
568 2840 681 2912 quando
703 2839 786 2895 ambo
809 2838 917 2909 virent,
948 2845 976 2895 et
996 2838 1128 2895 dominus
1150 2845 1178 2896 et
1198 2855 1303 2909 servus,

250 2939 299 3013 qni
320 2946 384 2996 ante
405 2937 504 2994 habuit
523 2943 550 2992 et
571 2936 619 3010 qui
643 2942 738 3008 postea
760 2917 832 2992 tolit.

330 3036 410 3112 (tlt.)
430 3039 491 3094 ut.
514 3035 543 3092 Si
566 3035 628 3108 qnls
650 3035 696 3091 alii
718 3034 878 3091 cautionem
894 3032 1000 3102 iecerit,
1024 3039 1051 3088 et
1072 3049 1128 3088 non
1150 3033 1176 3090 ei
1199 3034 1306 3105 ohliga-

248 3136 319 3194 verit
339 3137 374 3192 de
395 3135 479 3191 rebus
500 3133 568 3202 suis,
593 3132 646 3189 nisi
671 3131 773 3188 dixerit
794 3131 822 3187 in
844 3131 903 3202 ipsa
920 3129 1121 3186 cautionemin
1135 3133 1304 3202 quibusnam·

229 3253 299 3310 ⁴poe
318 3236 395 3292 rebus
417 3237 502 3306 ipsios
521 3235 645 3290 invenire
660 3233 788 3303 potuerit,
812 3237 839 3286 et
852 3239 947 3302 postea
964 3229 1119 3286 vindederit
1133 3229 1179 3285 alii
1198 3228 1305 3286 homini

248 3333 283 3390 de
306 3333 389 3389 rebus
409 3332 477 3396 suis,
501 3331 602 3388 habeat
623 3330 681 3402 ipse
702 3328 751 3401 qui
773 3345 819 3384 eas
836 3327 918 3390 emit;
943 3343 1007 3382 nam
1027 3327 1050 3382 si
1067 3327 1205 3396 obligatae
1222 3326 1306 3382 luerit

248 3430 451 3499 nominativae,
475 3445 532 3484 non
554 3445 600 3484 eas
621 3427 709 3501 possit
733 3427 847 3482 vindere
869 3426 937 3480 dnm
957 3424 1045 3497 ipsam
1066 3425 1224 3482 cautionem
1245 3440 1304 3479 non

248 3528 393 3586 sanaverit.
414 3528 451 3583 Et
460 3527 509 3600 qni
520 3526 680 3583 cautionem
694 3526 783 3582 lacere
795 3523 923 3591 voluerit,
946 3528 993 3578 aut
1004 3522 1192 3580 nominatibae
1203 3521 1305 3578 obticet

249 3628 283 3684 de
304 3625 387 3683 rebus
408 3624 466 3680 suis
487 3624 607 3696 qualiter
633 3624 706 3680 inter
732 3639 780 3679 eos
808 3620 986 3688 convenerit,
1018 3627 1066 3675 ant
1091 3619 1173 3676 iaciat
1193 3621 1221 3675 in
1242 3619 1303 3690 ipsa

166 3747 171 3759 ¹
247 3725 405 3782 cautionem
427 3722 461 3778 de
477 3721 558 3777 tantis
573 3723 667 3789 rebus,
691 3727 827 3793 qnantum
847 3719 876 3775 in
897 3717 946 3774 illa
967 3716 1029 3774 diae
1046 3718 1129 3774 solidi
1146 3718 1198 3790 ipsi
1210 3717 1302 3776 luerit

328 3821 422 3896 (llll)
454 3821 518 3878 08.
548 3818 791 3885 lle'aldionibus,
821 3817 870 3889 qui
902 3817 937 3872 de
958 3832 1077 3888 persona
1108 3832 1157 3872 sua
1184 3815 1303 3873 aldionis

247 3926 321 3986 sunt,
345 3921 367 3977 si
388 3919 482 3993 aliqua
500 3917 669 3989 conpellatio
692 3918 761 3974 lecta
783 3915 876 3985 luerit,
900 3923 1019 3988 patrono
1040 3915 1100 3987 ejus
1121 3931 1186 3970 eum
1208 3913 1304 3970 delen·

247 4020 305 4086 dat,
328 4026 375 4076 ant
396 4035 446 4092 per
466 4022 672 4087 sagramentum
693 4021 741 4071 aut
762 4031 812 4087 per
833 4013 972 4086 pugnam,
996 4014 1086 4085 qualis
1106 4027 1189 4069 eausa
1211 4012 1301 4070 luerit.

327 4114 387 4191 (V.)
409 4118 475 4174 (tt).
507 4114 536 4170 Si
558 4113 647 4169 aldius
669 4112 871 4185 cujuscumque
892 4110 921 4166 in
944 4127 1004 4167 nasa
1026 4109 1140 4167 alterius
1161 4109 1301 4166 nesciente

246 4215 362 4273 domino
383 4229 435 4270 sno
456 4211 554 4277 luerit,
588 4226 652 4268 eum
679 4209 808 4267 inventus
835 4208 919 4266 inerit
939 4209 978 4264 sic
999 4209 1096 4265 deveat
1122 4207 1188 4264 dare
1215 4208 1300 4264 homo

246 4313 305 4386 ipse
326 4312 375 4386 qui
397 4327 462 4368 eum
482 4309 611 4368 habuerit
632 4323 741 4381 operas,
765 4306 910 4381 quomodo
931 4306 1015 4364 etde
1036 4321 1125 4364 servo.

592 4429 723 4481 'amntem
744 4439 781 4481 ms
802 4437 875 4481 sano
896 4439 956 4481 1111.
