3048 5130
573 491 710 536 EDICTUM
734 491 801 535 CAP.
818 485 829 527 ¹
845 507 872 516 ⁴-
884 485 907 529 8·

532 639 659 692 INCIPIT
678 639 722 690 Dii
741 638 836 692 Anno
856 638 995 702 Qurnr0.

487 763 619 832 (Kalendis
646 768 753 824 martiis,
783 777 851 815 anuo
878 761 1041 830 DCGXVII.)

467 873 470 880 ’
548 881 740 970 Vononen
762 905 982 969 SECUNDUM.

317 1051 376 1124 Epo
396 1053 428 1107 in
447 1051 499 1108 Dei
520 1053 706 1122 mnnipotentis
726 1051 835 1106 nornine
854 1048 1055 1120 liutprand
1075 1051 1298 1107 caceientissimus

157 1133 161 1142 ¹
239 1165 288 1205 rea
307 1152 392 1221 protis
411 1150 580 1218 felicissimae
600 1166 632 1204 uc
653 1149 797 1205 catholicae
810 1147 919 1218 Deoque
936 1148 1028 1202 dilecte
1041 1145 1293 1218 Laupobardorurn,

238 1249 396 1303 reminiscor
415 1249 553 1318 quoniam,
575 1248 644 1302 sicut
658 1247 780 1316 superius
797 1245 906 1300 anobis
917 1247 1022 1316 popina
1043 1245 1139 1317 lepituc
1159 1247 1294 1315 institute,

239 1361 312 1400 anno
341 1347 439 1400 scilicet
465 1347 543 1416 requi
563 1347 650 1399 nostri
674 1346 774 1414 primu
808 1345 957 1398 indictione
977 1345 1139 1411 undecima,
1172 1361 1204 1400 cc
1229 1361 1298 1415 qnae

238 1444 314 1497 nobis
334 1445 484 1512 nostrisque
498 1443 638 1513 judicibus
665 1448 688 1497 et
708 1443 821 1511 reliquis
840 1441 1031 1513 Lanpobardis
1051 1442 1180 1510 [edulibus
1200 1445 1299 1498 nostris

239 1540 271 1596 ob
292 1539 344 1595 Dei
362 1543 456 1596 timore
476 1547 555 1611 atque
575 1556 667 1596 amere
686 1547 759 1594 recto
780 1545 995 1608 conposuerunt,
1028 1542 1059 1595 in
1090 1541 1180 1596 antico
1206 1539 1299 1598 Edisti

239 1653 348 1708 corpore
367 1647 438 1695 recta
466 1640 573 1694 adicere
593 1639 746 1694 curcmmus
772 1638 965 1692 moderamine.
1008 1635 1088 1693 Nunc
1107 1639 1223 1703 iterun,
1247 1657 1298 1696 an-

239 1744 335 1790 nuente
358 1736 410 1791 Dei
430 1738 618 1807 omnipotentis
633 1736 830 1802 misericordia,
854 1737 917 1791 diue
933 1737 1107 1791 calendarum
1123 1740 1296 1806 martiarum,

239 1850 312 1888 annu
331 1835 409 1905 repni
429 1836 526 1902 nostri,
549 1833 606 1889 Deo
623 1835 760 1904 propitio,
785 1836 895 1903 quinto,
917 1833 1066 1890 indictione
1086 1837 1297 1904 quintadecima,

127 1979 132 1993 ,
237 1933 320 1988 ausu
349 1935 427 1989 nouo
457 1949 517 1988 um
537 1933 659 1988 omenes
674 1919 814 2004 judicibus
840 1934 941 1987 nostru
970 1934 1002 1987 ae
1028 1931 1304 2002 persecutricum

239 2039 263 2086 et
281 2030 424 2088 Neustriae
444 2047 567 2088 necnon
588 2039 612 2086 et
632 2034 665 2087 de
687 2030 799 2094 Tusciae
813 2032 921 2101 tinibus,
944 2049 990 2086 seu
1011 2033 1103 2086 ceteris
1115 2031 1300 2088 uostrisban·

239 2130 383 2200 eobanum,
407 2131 495 2186 adbuc
512 2131 682 2200 presidemus
703 2131 839 2200 adunque
858 2131 908 2185 iiia
932 2145 983 2200 que
1002 2127 1060 2184 Deo
1081 2130 1213 2185 credimus
1237 2131 1299 2200 piu·

240 2229 294 2283 cita
319 2244 390 2283 esse:
419 2235 449 2284 ut
479 2229 509 2284 in
529 2229 619 2283 uiuitis
640 2229 729 2283 caruis
757 2235 781 2282 et
797 2219 871 2282 'iocis
900 2228 1079 2298 proibeantur
1103 2229 1244 2299 perjuria,
1277 2234 1301 2283 et

240 2342 335 2394 cause,
367 2342 436 2396 quae
463 2342 481 2381 a
507 2327 672 2396 quibusquae
698 2326 850 2380 bominibus
870 2327 1081 2381 misericorditer
1108 2327 1297 2396 disponuntur,

238 2425 270 2478 in
287 2425 388 2494 peccati
408 2425 492 2480 banau
513 2425 635 2494 deinceps
649 2438 821 2493 nequaquam
836 2425 1001 2493 procedant,·
1027 2431 1050 2478 et
1070 2423 1130 2497 illut
1151 2425 1223 2493 quod
1242 2423 1300 2491 [or-

239 2522 311 2577 sitan
331 2527 412 2576 cruca
427 2522 571 2576 uideuatur
591 2521 712 2589 obscure,
735 2537 807 2576 nunc
825 2521 947 2577 omnibus
967 2522 1023 2576 luce
1044 2521 1144 2578 clarius
1157 2523 1299 2576 enetiscct:

237 2621 355 2690 minum
375 2620 496 2674 omniurn

320 2713 354 2788 (Ι.
377 2714 419 2771 De
439 2718 597 2788 morpincap
616 2711 782 2788 mulierum.)
812 2715 846 2770 i.
873 2713 903 2770 Si
925 2714 988 2786 quis
1008 2715 1211 2786 Langobardos
1226 2733 1301 2772 mor·

241 2813 339 2884 gincap
362 2812 474 2885 coniugi
495 2828 560 2870 suae
582 2813 648 2868 dare
670 2812 788 2869 volucrit
808 2813 921 2888 quando
952 2830 1013 2869 eam
1034 2813 1088 2870 sibi
1114 2814 1144 2870 in
1166 2813 1299 2887 conjugio

242 2910 405 2981 sociaverit,
430 2911 467 2967 ita
489 2909 673 2980 dicernimus,
704 2916 734 2966 ut
754 2909 808 2965 alia
830 2910 891 2966 diae
913 2919 977 2966 ante
997 2918 1127 2984 parentes
1148 2919 1175 2968 et
1195 2912 1300 2968 amicos

240 3024 304 3063 suos
326 3009 453 3065 ostendat
474 3008 677 3082 perscriptum
698 3026 714 3065 a
735 3008 850 3064 testibus
870 3017 1045 3075 revocatum,
1075 3016 1102 3065 ei
1123 3009 1210 3074 dicat,
1235 3010 1300 3082 quia

239 3105 307 3162 Ecce
326 3109 398 3178 qaod
419 3109 528 3179 coniupi
547 3123 621 3162 rnece
641 3109 799 3179 norpincap
819 3108 898 3172 dedi,·
930 3113 961 3162 ut
989 3107 1018 3162 in
1050 3107 1141 3163 futuro
1170 3119 1220 3179 pro
1247 3107 1299 3164 hac

241 3219 321 3260 causa
342 3204 465 3276 perjurio
489 3221 546 3261 non
569 3209 719 3276 percurrat.
757 3205 851 3278 Ipsum
872 3210 966 3260 autem
985 3204 1149 3278 morgincap
1171 3205 1300 3261 nolumus

239 3308 270 3356 ut
290 3302 407 3374 amplius
428 3302 482 3371 sit,
515 3301 568 3358 nisi
601 3309 698 3382 quarta
730 3319 793 3375 pars
814 3303 849 3358 de
879 3302 937 3374 ejus
959 3303 1112 3360 substantie
1137 3303 1185 3376 qui
1206 3304 1298 3376 ipsum

240 3400 402 3473 morgincap
424 3401 497 3460 iecit.
520 3401 551 3457 si
572 3401 633 3475 quis
646 3400 737 3457 minus
752 3401 871 3457 voluerit
891 3402 957 3457 dare
970 3401 1005 3457 de
1021 3402 1104 3458 rebus
1123 3404 1190 3471 suis,
1214 3419 1298 3476 quam

241 3497 299 3569 ipsa
320 3504 417 3571 quarta
438 3497 530 3571 portio
550 3497 596 3568 sit,
621 3499 721 3555 habeat
741 3498 771 3554 in
793 3498 923 3555 omnibus
943 3498 1085 3556 licentiam
1106 3501 1190 3557 dandi
1213 3517 1300 3574 quan·

242 3601 299 3651 tum
322 3595 459 3661 voluerim
492 3613 557 3652 nam
579 3611 662 3668 super
681 3595 771 3669 ipsam
792 3578 919 3668 quartam
941 3597 1100 3670 portionem
1122 3600 1188 3656 dare
1209 3600 1299 3654 nnlla-

244 3699 322 3748 tenus
344 3693 440 3765 possit.

319 3788 368 3865 (Π,
390 3790 432 3847 De
458 3789 590 3864 testibcu.)
635 3778 671 3849 8.
702 3789 731 3846 Si
759 3793 969 3866 qualiscumque
999 3809 1081 3850 causa
1105 3793 1180 3849 inter
1209 3794 1297 3850 conli-

243 3888 336 3945 bertus
357 3895 403 3946 aui
424 3877 551 3961 parentis
568 3888 731 3945 convenerit
751 3897 798 3947 aut
818 3897 879 3947 acta
900 3890 1000 3962 suerit,
1032 3899 1060 3948 et
1080 3890 1209 3948 homines
1230 3893 1297 3948 boni

242 3994 297 4043 tres
317 3994 364 4044 aut
383 3993 513 4060 quattuor
532 3986 726 4058 interfuerant,
751 4005 808 4045 uon
824 3995 987 4069 reprovetur
1007 3996 1102 4063 postea
1123 3990 1182 4061 ipsa
1203 4006 1295 4059 causa,

240 4085 294 4140 nisi
323 4101 420 4141 aarum
450 4085 608 4142 testimonio
637 4087 718 4142 ambe
747 4092 839 4159 partes
867 4088 981 4143 credant
1007 4087 1054 4160 qui
1072 4086 1194 4143 ‘fuerent
1213 4087 1296 4148 inter.

241 4181 296 4239 Pro
318 4182 394 4255 cujus
414 4188 505 4239 autem
526 4197 607 4239 causa
627 4183 704 4240 testis
734 4183 776 4240 illi
803 4184 992 4241 testimonium
1012 4183 1204 4254 reddiderint,
1237 4186 1297 4258 ipse

242 4280 325 4336 homo
347 4279 482 4337 causatori
503 4296 555 4336 suo
578 4297 628 4352 per
649 4289 854 4338 sacramentum
875 4281 1032 4338 satisfaciat.
1054 4281 1145 4338 Testis
1161 4298 1227 4339 vero
1243 4283 1297 4357 ipsi

243 4381 310 4435 iales
331 4378 396 4446 sint,
421 4395 539 4450 quorum
561 4378 657 4450 opinio
678 4379 707 4434 in
730 4380 812 4436 bonis
833 4381 966 4457 precellat
984 4379 1125 4452 operibus,
1149 4387 1177 4436 ei
1196 4381 1297 4454 quibus

244 4476 313 4532 tides
334 4475 478 4545 amittitur,
502 4476 543 4533 rel
565 4474 665 4549 quibus
678 4475 807 4550 princeps
827 4483 874 4534 aut
894 4476 952 4550 ejus
969 4477 1077 4550 J‘udices
1099 4478 1213 4536 eredere
1234 4493 1297 4552 pos·
