3048 5130
235 488 276 550 la
630 511 784 559 aoruams
807 511 898 556 amors
1016 519 1023 546 ε

312 660 377 718 dd.
400 659 455 734 (De
472 661 556 732 pingo
575 664 607 717 in
626 659 712 733 noso.)
756 661 786 718 Si
808 661 870 734 quis
891 661 936 719 alii
957 664 1067 735 plagam
1088 663 1117 719 in
1134 677 1230 718 nasum
1251 662 1291 718 ie-

233 759 317 822 cerit,
350 765 491 830 conponat
519 757 544 812 ei
567 757 672 815 solidos
693 757 831 828 sedicem,
860 760 882 816 si
904 760 1111 826 resalutaverit,
1134 767 1164 817 ut
1184 767 1291 816 tantum

232 855 400 913 oechatrices
421 862 561 928 appareat.

310 955 376 1012 ὅθ.
400 953 451 1026 (Dc
469 956 552 1027 plaga
571 957 602 1010 in
623 955 734 1027 aurun.)
778 955 808 1012 Si
836 954 898 1028 quis
929 955 977 1012 alii
1003 957 1112 1028 plagam
1139 955 1167 1013 in
1195 972 1290 1012 aurem

231 1051 337 1118 lecerit,
361 1060 503 1125 conponat
523 1053 549 1109 ei
570 1051 675 1108 solidos
696 1069 754 1118 xvr,
778 1053 799 1110 si
822 1054 1021 1113 resalutaverit

309 1150 369 1207 Μ.
392 1146 443 1221 (De
463 1152 572 1207 brechio
593 1151 782 1225 transferam.)
828 1151 856 1207 Si
873 1151 935 1223 quis
946 1151 1032 1208 alium
1049 1151 1076 1208 in
1089 1150 1203 1208 brachio
1219 1167 1291 1224 pon-

230 1247 301 1304 xerit
321 1254 349 1303 et
370 1247 586 1317 transforarerit,
609 1256 752 1321 conponat
771 1248 877 1306 solidos
896 1266 955 1308 xvr.

308 1345 372 1404 68.
414 1345 444 1402 δί
465 1344 527 1418 quis
548 1344 594 1402 alii
615 1345 760 1403 brachium
778 1347 929 1420 puncxerit
949 1354 977 1405 et
997 1364 1054 1406 non
1071 1334 1287 1415 transieraverit,

229 1449 372 1515 conponat
391 1442 496 1500 solidos
518 1450 590 1502 octo.

302 1540 368 1598 aa.
413 1539 463 1612 (De
480 1543 563 1613 pingo
583 1544 615 1598 ia
635 1533 730 1614 cosso.)
755 1532 784 1599 Si
807 1543 869 1616 quis
890 1542 976 1600 alium
996 1541 1068 1600 intra
1089 1557 1204 1617 capsum
1224 1543 1285 1616 pla-

229 1637 343 1709 gaverit,
366 1646 509 1711 conponat
528 1639 633 1696 solidos
654 1657 701 1696 xx.

308 1738 376 1793 00.
404 1735 470 1808 '(De
487 1739 571 1809 plaga
592 1741 624 1794 in
644 1737 730 1805 cona.)
755 1737 786 1794 Si
807 1737 869 1811 quis
891 1737 976 1796 alium
997 1737 1027 1794 iu
1049 1754 1118 1795 coxa
1139 1733 1290 1810 plagaverit
1406 1729 1409 1736 ’

229 1841 276 1890 aut
295 1833 439 1906 punxerit,
469 1835 490 1892 si
523 1836 718 1892 transforatum
746 1835 845 1905 fuerit,
877 1841 1020 1909 conponat
1046 1834 1151 1892 solidos
1172 1851 1233 1902 xvr3
1265 1835 1287 1892 si

229 1938 321 1988 autem
343 1931 507 1988 transierata
529 1948 586 1988 noo
609 1932 701 2002 fuerit,
724 1940 866 2005 conponat
885 1933 990 1990 solidos
1010 1940 1085 1990 octo.

307 2032 367 2088 61.
387 2029 441 2102 (De
461 2033 568 2093 nomino
585 2030 750 2104 plagarum.)
782 2030 812 2086 Si
833 2032 926 2103 plores
948 2032 1042 2103 plagas
1056 2031 1176 2096 luerent,
1200 2046 1288 2103 usquc

227 2135 282 2184 tres
302 2127 465 2184 tantumodo
489 2129 680 2198 nominentur,
713 2136 741 2184 et
769 2145 819 2201 per
839 2145 1064 2202 unamquamque
1090 2130 1201 2202 plagam
1221 2144 1288 2184 con·

224 2233 368 2299 ponantur
388 2232 417 2281 ut
437 2241 536 2300 supra3
564 2242 628 2282 nam
649 2226 767 2298 amplius
788 2225 811 2283 si
833 2226 958 2295 fuerent,
993 2243 1050 2282 uon
1078 2232 1284 2299 conponantur.

306 2343 369 2399 θ’.
393 2341 443 2412 (Dc
463 2345 594 2399 incisione
613 2342 730 2415 manus.)
774 2343 803 2399 Si
826 2341 888 2416 quis
917 2342 964 2400 alii
991 2359 1105 2400 manum
1125 2340 1285 2411 absciderit,

226 2437 402 2495 medietatem
416 2440 499 2513 pretii
521 2439 607 2512 ipsius
628 2441 698 2498 sicut
712 2441 881 2514 adpretiatus
901 2440 984 2498 luerit
996 2439 1029 2498 *si
1050 2457 1114 2497 eum
1131 2438 1242 2496 occissit
1261 2439 1304 2502 ei,

223 2544 378 2610 conponam
409 2545 437 2594 et
461 2539 483 2595 si
505 2539 545 2595 sic
566 2539 728 2616 sideraveri)
749 2547 781 2596 et
799 2557 856 2596 noo
885 2539 1086 2611 perexcusscrit
1114 2557 1130 2595 a
1155 2551 1285 2611 corpore,

125 2635 127 2641 '
226 2641 352 2708 quartam
369 2641 474 2707 partam
497 2616 594 2708 pra'etii
612 2636 699 2709 ipsius
720 2637 745 2694 ei
763 2645 915 2710 conponat.

306 2733 369 2790 08.
394 2733 444 2806 (De
464 2737 554 2806 digito
573 2732 691 2808 mnus.)
734 2733 764 2791 si
787 2735 849 2808 quis
869 2735 915 2791 alii
938 2734 1059 2807 pulicem
1080 2734 1115 2790 de
1136 2751 1219 2791 manu
1240 2751 1288 2791 ex·

225 2830 356 2900 eusserit,
380 2837 485 2888 sextam
509 2839 617 2903 partem
638 2831 720 2904 pretii
741 2831 828 2905 ipsius
850 2832 926 2905 quod
946 2831 1032 2889 homo
1053 2833 1112 2906 ipse
1133 2831 1288 2905 adpraetia-

226 2935 268 2985 tus
289 2927 372 2986 luerit
392 2929 413 2985 si
435 2945 499 2986 eum
520 2927 657 2986 occisissit
677 2929 703 2985 ei
724 2938 876 3002 conponat.
1212 2919 1214 2926 ’

305 3028 369 3084 M.
393 3025 443 3098 (De
462 3029 578 3084 secundo
599 3027 707 3101 digito.)
737 3027 767 3083 Si
789 3027 851 3101 quis
872 3021 919 3084 alii
940 3025 1095 3084 secundum
1112 3025 1230 3098 digitum
1250 3026 1285 3084 de
1337 3075 1339 3082 .

223 3141 306 3182 mano
328 3125 489 3195 excusserit,
513 3133 656 3197 conponat
676 3124 780 3182 solidos
801 3125 933 3183 sedicem.

305 3222 370 3280 uo.
394 3221 444 3294 (De
471 3225 550 3279 tertio
578 3221 685 3294 digito.)
738 3222 768 3279 Si
799 3223 861 3296 quis
889 3221 938 3278 alii
965 3221 1077 3279 tertium
1105 3221 1222 3294 digitum
1250 3223 1285 3280 dc

225 3335 308 3377 mano
330 3320 491 3390 excusserit,
515 3320 592 3393 quod
616 3323 657 3376 est
675 3320 848 3387 medianum,
872 3329 1013 3393 conponat
1027 3320 1132 3378 solidos
1151 3321 1284 3394 quinque.

305 3445 372 3501 66.
397 3442 448 3515 (De
468 3454 596 3516 quartum
617 3444 751 3518 digitum.)
795 3446 825 3503 Si
856 3446 917 3519 quis
944 3445 991 3502 alii
1018 3452 1147 3519 quartum
1167 3447 1285 3519 digitum

225 3543 260 3598 de
281 3558 364 3598 manu
386 3543 547 3611 excusserit,
571 3550 713 3616 conponat
734 3543 839 3601 solidos
860 3551 931 3603 octo.

256 3719 257 3727 ,
303 3659 362 3716 od.
386 3657 437 3732 (De
456 3662 551 3743 quinto
572 3659 709 3732 digitum.)
733 3659 764 3716 st
785 3659 913 3734 quintum
934 3659 1053 3734 digitum
1075 3661 1113 3730 de
1132 3677 1217 3719 manu
1237 3679 1285 3720 ex·
1325 3645 1328 3654 ¹

223 3756 347 3822 conserit,
371 3762 513 3829 conponat
533 3757 638 3813 solidos
659 3758 789 3816 sedicem.

303 3856 367 3940 ⁰⁸!
391 3854 442 3929 (De
461 3857 592 3912 incisione
609 3854 727 3927 pedum.)
771 3855 801 3911 Si
833 3855 896 3929 quis
923 3855 969 3914 alii
992 3856 1092 3932 pedem
1120 3863 1280 3930 excusserit,

224 3953 401 4012 medietatem
425 3952 508 4027 pretii
539 3953 625 4026 ipsius
652 3952 679 4009 ei
700 3960 860 4027 conponam
892 3961 920 4010 et
946 3954 968 4011 si
997 3954 1133 4015 sideratus
1153 3959 1236 4018 luerit
1256 3969 1284 4020 et

224 4068 281 4130 oon
302 4051 514 4126 perexcusserit,
537 4056 663 4124 quartam
684 4057 791 4125 partem
811 4050 894 4125 pretii
915 4052 1001 4126 ipsius
1023 4054 1049 4113 ei
1072 4067 1221 4131 conponat.

304 4170 371 4225 69.
394 4168 444 4239 (De
461 4170 575 4242 pelicem
593 4167 689 4241 pedis.)
732 4167 763 4225 Si
791 4168 853 4242 quis
878 4169 925 4227 alii
946 4171 1066 4244 pelicem
1086 4173 1122 4230 de
1142 4177 1214 4250 pede
1234 4195 1282 4236 ex·

223 4265 347 4330 cesserit,
371 4273 514 4339 conponat
533 4265 637 4324 solidos
659 4266 789 4326 sedicem.

304 4364 366 4422 dt).
389 4363 575 4436 (Dissertatio
595 4364 700 4438 digito.)
732 4365 762 4422 Si
784 4364 846 4438 quis
866 4365 912 4424 alii
934 4369 1086 4427 secundum
1107 4371 1223 4443 digitum
1244 4375 1279 4432 do

223 4461 295 4536 pede
317 4463 477 4535 excusserit,
500 4469 643 4538 conponat
662 4463 767 4520 solidos
788 4481 826 4521 vx.
