3022 5144
234 447 297 530 iii
618 439 804 526 armannus
827 483 919 528 nucis
977 453 982 464 ’

231 650 350 708 porcus,
381 639 410 690 et
430 631 558 690 occiserit
578 650 612 690 ex
633 633 701 707 ipsis
720 649 808 706 porco
828 648 903 702 uuo,
937 633 978 692 sic
1008 633 1044 692 sit
1072 633 1143 691 sicut
1169 634 1293 691 anterior

230 733 346 790 Edictos
366 731 501 790 contenit.
544 731 574 788 Si
603 731 717 804 quidem
738 737 845 788 tantmn
867 732 965 789 decem
986 731 1144 800 invenerit,
1179 740 1207 790 et
1229 723 1291 807 plus

231 829 359 888 occiserit
390 847 473 903 quam
493 830 608 886 Edictus
637 830 731 900 habit,
764 837 907 903 conponat
927 830 957 887 in
984 831 1124 904 octogild,
1154 831 1224 888 sicut
1244 831 1292 904 qui

232 929 306 986 malo
328 928 428 984 ordine
448 945 492 986 res
513 928 617 985 alienas
638 929 728 984 tollet.
751 929 821 986 Nam
842 929 864 986 si
886 930 934 986 ille
957 929 1043 987 homo
1066 929 1114 1004 qui
1135 931 1211 1002 ipsos
1229 945 1294 1002 por·

232 1043 280 1084 cos
300 1027 379 1084 liabit
399 1025 517 1100 amplius
537 1026 643 1083 miserit
663 1033 722 1082 asto
744 1028 838 1084 animo
859 1043 923 1084 suos
945 1033 992 1084 aut
1011 1027 1119 1084 alienos
1144 1028 1173 1085 in
1196 1027 1294 1085 delen·

232 1142 304 1194 sum,
327 1142 411 1200 quam
432 1125 547 1181 Edictos
567 1124 660 1193 habit,
683 1131 711 1179 et
731 1125 779 1181 ille
801 1125 878 1197 cujus
898 1127 964 1182 silva
987 1132 1027 1182 est
1048 1125 1176 1182 occiserit
1197 1143 1231 1181 ex
1251 1125 1294 1198 ip-

233 1241 279 1280 sos
299 1226 362 1297 plus
383 1240 467 1296 mam
490 1222 603 1278 Edictos
624 1223 766 1291 contenit,
790 1240 847 1280 non
868 1224 1034 1297 requiratur.
1074 1224 1154 1280 Etsi
1174 1224 1223 1280 ille
1245 1223 1293 1296 qui

230 1338 331 1395 porcos
351 1321 458 1378 miserit
475 1321 569 1392 jurare
592 1322 791 1394 presumpserit
812 1322 888 1394 quod
910 1331 969 1379 asto
992 1339 1048 1378 uon
1076 1322 1208 1391 misissit,
1238 1321 1294 1380 nisi

231 1420 291 1477 siue
313 1421 483 1476 voluntatem
506 1418 591 1491 ipsius
614 1419 731 1486 domini,
757 1427 823 1476 tunc
843 1421 942 1477 reddat
962 1420 1010 1477 ille
1031 1419 1079 1492 qui
1101 1420 1198 1476 occisit
1218 1420 1294 1492 ipsos

234 1535 334 1591 porcus
355 1518 517 1591 terquidus3
540 1524 567 1575 et
588 1518 610 1574 si
621 1518 656 1574 de
670 1525 780 1591 pastore
798 1536 848 1576 suo
866 1519 993 1576 similiter
1004 1519 1147 1591 iuraverit,
1166 1519 1294 1575 similiter

232 1617 403 1674 reddentur:
436 1631 499 1672 uam
521 1616 543 1672 si
564 1617 600 1672 dc
621 1623 731 1688 pastore
753 1617 787 1672 de
808 1623 867 1674 asto
885 1618 979 1690 iurare
1005 1633 1062 1672 non
1084 1617 1292 1689 presumpserit,

233 1715 410 1772 medietatem
430 1714 597 1782 reddentur,
628 1722 656 1772 et
676 1715 853 1772 medietatem
873 1715 976 1788 repulit
995 1715 1068 1786 sibi,
1098 1714 1164 1788 quia
1185 1731 1293 1772 servum

233 1813 331 1871 habuit
351 1813 600 1898 indisciplinatum.
1220 1801 1221 1806 '

311 1963 368 2040 (X.)
396 1965 481 2022 idn.
509 1962 538 2020 Si
560 1963 741 2036 quiscumque
762 1962 847 2017 homo
868 1963 917 2035 qui
939 1969 980 2019 est
1001 1961 1132 2034 prudicus
1153 1971 1200 2019 aut
1222 1980 1291 2020 nau·

233 2062 335 2136 tragos,
369 2063 417 2137 qui
444 2061 577 2117 vendedit
597 2066 651 2116 aut
679 2059 820 2131 dissiparit
850 2061 1032 2117 substantiam
1059 2077 1154 2129 suam,
1186 2069 1292 2117 elnon

234 2162 311 2218 habit
331 2160 405 2217 unde
427 2157 652 2229 conpositionem
674 2158 771 2226 iaceat,
796 2165 824 2213 et
837 2156 933 2214 lecerit
950 2159 1053 2214 lurtum
1069 2166 1115 2214 aut
1125 2159 1293 2215 adulterium

232 2267 279 2316 aut
298 2258 478 2324 scandalum,
505 2263 552 2311 aut
573 2257 667 2327 plagas
695 2255 742 2311 alii
765 2256 872 2311 homini
893 2255 1037 2326 intulerit,
1068 2264 1097 2312 et
1123 2255 1207 2312 luerit
1233 2257 1292 2330 ipsa

233 2355 390 2429 conpositio
423 2355 560 2410 valentem
581 2353 663 2410 solidi
689 2353 788 2424 viginti
817 2360 864 2410 aut
883 2370 985 2426 supra,
1019 2355 1085 2411 dare
1107 2371 1171 2410 eum
1192 2355 1294 2411 debeat

233 2454 359 2529 publicus
380 2453 408 2509 in
431 2469 515 2508 manu
537 2453 614 2525 ejus.
645 2451 690 2507 cui
711 2451 776 2508 istas
797 2469 892 2509 causas
913 2453 1039 2509 inlecitas
1060 2453 1142 2522 lecit,
1176 2459 1205 2509 ct
1233 2453 1293 2525 ipse

232 2570 296 2609 eum
317 2553 417 2608 habeat
436 2567 488 2624 pro
510 2567 627 2607 servum.
651 2549 679 2605 Si
702 2557 793 2606 autern
809 2550 900 2606 miuus
919 2551 953 2606 de
972 2551 1076 2620 vigenti
1091 2551 1197 2607 solidos
1213 2550 1294 2607 luerit

232 2651 291 2723 ipsa
312 2649 483 2721 conpositio,
506 2648 577 2704 sicut
597 2646 661 2702 solit
683 2648 758 2716 fieri,
792 2665 879 2720 usque
907 2650 943 2704 ad
963 2665 1011 2705 sex
1032 2655 1060 2704 et
1080 2649 1227 2705 duodecim
1248 2664 1295 2703 so-

233 2748 322 2811 lidos,
355 2753 420 2802 tunc
451 2746 551 2801 debeat
582 2762 647 2800 eum
674 2745 802 2816 publicus
830 2747 895 2802 dare
922 2746 951 2801 in
983 2763 1066 2802 manu
1087 2747 1145 2818 ejus
1173 2747 1216 2803 coi
1239 2747 1293 2801 tale

233 2846 314 2917 culpa
336 2844 429 2901 lecerit
451 2860 502 2916 pro
523 2860 613 2911 servo,
638 2843 666 2898 in
689 2860 722 2898 co
744 2844 853 2913 ordine,
876 2851 907 2899 ut
921 2845 1021 2901 serviat
1043 2845 1068 2902 ei
1090 2852 1182 2902 tantos
1204 2861 1293 2901 annos

230 2950 261 2999 ut
281 2943 368 3015 ipsam
390 2942 500 3015 culpem
521 2940 658 2996 redimere
680 2940 780 3013 possit,
812 2946 840 2996 ct
860 2942 941 2998 vadat
968 2950 1065 3015 postea
1093 2943 1143 2999 uhi
1173 2943 1293 2998 voluerit

233 3042 387 3098 absolutus.

312 3171 385 3248 (xi.)
409 3173 496 3230 156.
523 3171 552 3227 Si
574 3170 636 3243 quis
657 3170 857 3241 Langobardos
880 3188 994 3228 oxorem
1020 3173 1127 3230 habeus
1148 3173 1222 3229 filius
1244 3177 1292 3228 aut

232 3273 288 3328 filia
310 3269 512 3344 procreaverit,
541 3275 569 3324 et
589 3274 695 3342 postea,
718 3268 930 3341 inspirationem
951 3270 1004 3327 Dei
1026 3272 1188 3344 conpulsus,
1212 3269 1292 3327 cleri·

233 3386 281 3426 cus
305 3368 418 3426 effectus
439 3369 537 3432 luerit,
567 3376 633 3423 tunc
653 3366 704 3424 lilii
726 3374 773 3423 aut
784 3367 854 3422 filias
866 3367 912 3439 qui
929 3375 992 3424 aute
1009 3370 1068 3442 eJus
1081 3369 1292 3426 conversionem

233 3467 290 3524 nati
311 3466 414 3522 luerint
434 3466 493 3539 ipsa
520 3467 611 3537 legem
632 3463 742 3534 vivant,
775 3481 858 3537 quam
888 3465 935 3522 ille
964 3467 1072 3524 vivebat
1097 3469 1210 3542 quando
1243 3483 1291 3524 eos

233 3563 338 3637 gennit,
362 3570 520 3620 etecusam
541 3581 618 3620 suam
639 3579 689 3636 per
709 3563 798 3636 ipsam
819 3564 910 3635 legem
932 3565 1006 3622 finiri
1029 3563 1197 3642 debeant.*)

233 3723 447 3735 ..ι-...-

303 3820 329 3891 Ι“)
349 3825 428 3874 155⁸.
450 3821 477 3872 Si
497 3825 554 3884 quls
574 3835 588 3872 a
608 3826 786 3875 convenientis
805 3838 850 3886 per
863 3825 977 3876 chortem
997 3839 1011 3876 a
1030 3826 1165 3876 selectam
1184 3837 1212 3876 se
1231 3823 1292 3875 sub·

233 3917 352 3970 traxerit,
382 3912 455 3962 heres
481 3912 537 3973 ejus
565 3925 631 3973 peua
658 3917 841 3974 conpositionis
861 3919 962 3965 tenetur
980 3915 1129 3973 adstrictus,
1155 3922 1290 3978 praecepto

234 4015 279 4063 per
298 4002 428 4063 quaudaru
440 4002 637 4058 iustitutionem.
658 4003 697 4052 vel
716 4015 783 4064 quac
803 4011 849 4057 est.
868 4003 924 4054 lloc
944 4005 1000 4055 loco
1014 4004 1170 4054 admonendi
1189 4018 1289 4062 sumus,

233 4089 302 4152 quod
317 4089 500 4141 maleficiorum
521 4091 638 4153 litigium.
659 4094 707 4140 nisi
727 4092 756 4142 lis
776 4099 915 4144 contestata
936 4095 1020 4150 tuerit.
1041 4093 1163 4143 adversus
1183 4093 1289 4144 heredes

233 4191 284 4228 uon
304 4183 423 4230 trauseat.
456 4178 483 4228 Si
502 4191 562 4230 vcro
581 4185 712 4230 contractu
731 4181 879 4243 litigaverit,
907 4186 960 4234 sive
983 4184 1014 4232 ils
1039 4188 1180 4233 contestata
1204 4183 1289 4239 luerit,

234 4265 286 4318 slve
305 4281 373 4321 nou.
395 4268 480 4318 neredl
501 4271 570 4317 etin
590 4268 712 4320 heredem
732 4273 853 4331 conpetit.

304 4381 354 4432 155
367 4374 386 4433 ¹³.
405 4381 505 4432 Placuit
523 4383 596 4433 uobis
616 4387 737 4439 inserere,
757 4385 801 4436 ubl
820 4386 859 4436 ier
878 4386 952 4437 deest
963 4387 1100 4449 praecellat
1113 4383 1288 4444 cousuetudo;

233 4468 303 4520 nulia
323 4470 482 4521 cousuetudo
496 4476 683 4535 superponatur
701 4474 760 4538 legi.
