3048 5130
266 493 309 557 oo
664 511 819 557 nornsnrs
842 511 933 558 ruore

265 679 330 720 uem
351 663 375 720 si
395 662 489 720 minor
509 673 577 732 grex
599 661 634 718 de
656 661 775 733 trigenta
795 663 884 736 sopito
906 663 1006 732 suerit,
1037 679 1094 720 non
1116 670 1259 738 reputetur
1278 681 1324 721 so-

265 761 397 834 norpoir3
429 760 481 816 nisi
507 759 530 816 si
551 776 610 815 xxx
628 766 674 816 aut
694 775 777 832 super
799 759 916 819 suerent.
959 761 995 817 Et
1014 761 1037 817 si
1059 761 1088 817 in
1108 763 1242 820 damnum
1264 762 1324 836 ipse

265 858 413 932 souorpsir
434 858 541 914 occisus
563 856 655 926 tuerit,
678 863 726 913 aut
745 857 871 914 sensilem
893 864 940 916 eut
959 859 1105 916 meliorem
1123 860 1186 933 ipse
1208 860 1255 933 qui
1278 877 1325 917 oo·

181 979 183 985 2
265 957 366 1014 oiderit
385 957 519 1024 restituet,
542 962 570 1012 et
590 955 723 1012 domnum
745 956 770 1010 ei
791 963 986 1028 conponatur3
1020 972 1085 1013 nom
1114 957 1136 1014 si
1158 955 1205 1015 olii
1231 973 1324 1014 verres
1434 948 1437 952 ’

264 1062 312 1112 eut
332 1054 410 1126 poroi
432 1051 514 1109 iurati
536 1052 708 1117 surrentin
731 1051 853 1122 uotogitd
875 1053 1039 1112 reddantur.

284 1155 289 1168 ⁴
346 1151 436 1210 858.
455 1147 507 1222 (ue
529 1152 657 1221 porcario
678 1148 816 1223 bottodo.)
858 1149 888 1205 Si
916 1150 979 1222 quis
1005 1149 1132 1223 porosrio
1154 1151 1188 1207 de
1211 1151 1324 1208 homine

264 1251 353 1308 iibero
375 1247 540 1316 intumuit,
574 1247 634 1320 ipse
662 1247 711 1319 qui
739 1228 780 1304 de¹
797 1253 903 1304 curtem
924 1247 1011 1320 ipsius
1030 1248 1098 1318 erit,
1122 1264 1187 1305 num
1209 1265 1266 1304 non
1288 1249 1323 1305 de

264 1365 327 1406 osso
348 1346 474 1416 massari,
495 1351 639 1419 conponat
656 1346 764 1403 solidos
785 1363 841 1402 rx:
864 1353 971 1403 tuntum
993 1353 1034 1404 est
1055 1355 1084 1404 ut
1101 1346 1246 1420 porosrius
1263 1330 1323 1418 ipse

264 1447 344 1504 senta
372 1445 449 1519 prius
476 1461 535 1500 non
561 1443 644 1500 ierint
665 1451 712 1500 eut
736 1445 897 1501 scandalum
920 1445 1065 1510 comittot;
1098 1459 1163 1501 num
1184 1444 1206 1500 si
1226 1443 1325 1501 iecerit

264 1546 359 1618 plagas
380 1551 428 1600 aut
446 1542 552 1612 teritos,
576 1541 725 1599 arbitretur
745 1549 773 1598 et
792 1549 996 1615 conponantur.

343 1643 432 1701 858.
476 1640 506 1697 Si
527 1641 583 1697 duo
604 1639 725 1713 poroerii
746 1640 819 1696 inter
839 1655 868 1696 se
889 1640 1066 1697 buttederent
1095 1644 1143 1696 aut
1162 1639 1324 1696 scandatum

265 1739 442 1804 comiserent,
465 1739 561 1810 plngss
581 1743 628 1795 out
646 1737 743 1794 toritas
764 1744 956 1810 conponatur,
990 1754 1053 1794 num
1082 1737 1135 1794 ulia
1162 1739 1244 1810 eulpa
1265 1753 1323 1794 non

265 1837 433 1911 requiratur.
554 1871 556 1876 ·

344 1935 432 1994 854.
465 1930 517 2007 (De
537 1949 630 2002 compo
651 1930 857 2002 alieno'oroto.)
901 1931 930 1987 Si
958 1932 1020 2005 quis
1050 1948 1178 2004 eampum
1200 1933 1322 1990 alienum

264 2033 381 2094 araverit
401 2030 492 2086 sciens
514 2045 570 2084 non
595 2044 695 2092 suum,
720 2033 776 2084 ,eut
802 2035 926 2084 semente
951 2043 1081 2101 spargere
1111 2033 1321 2105 presumpserit,

264 2131 363 2204 perstet
383 2145 468 2200 opere
488 2134 517 2182 et
537 2125 643 2196 frugis3
670 2133 700 2182 et
720 2123 767 2182 iiie
789 2125 837 2198 nui
860 2141 988 2198 eampum
1010 2143 1090 2184 suum
1110 2129 1324 2202 emmennone

264 2229 365 2285 habeut
385 2225 479 2296 nugis
882 2226 890 2234 “

343 2324 434 2383 855.
456 2320 611 2396 (Deoosmo
620 2319 757 2394 morato.)
779 2320 809 2376 Si
824 2320 1322 2395 quisexorareriteampumeEenum

124 2411 126 2417 ¹
189 2427 190 2430 ’
262 2423 447 2489 seminatum,
479 2427 507 2476 et
535 2433 615 2476 suumn
636 2434 692 2474 non
715 2418 838 2491 potuerit
857 2435 990 2490 provere,
1022 2419 1077 2476 ulio
1110 2427 1216 2476 tuntum
1236 2421 1322 2492 tropis

264 2521 345 2594 :quod
364 2517 516 2576 devastavit
535 2516 651 2589 proprio
673 2517 788 2574 domino
810 2517 924 2587 reddet,
957 2524 985 2573 et
1014 2534 1065 2590 pro
1094 2518 1232 2576 incautum
1260 2535 1324 2592 pro-

264 2618 452 2690 sumptionem
474 2621 616 2687 conponat
636 2605 741 2670 solidos
762 2631 819 2672 sex.

344 2715 435 2773 556.
456 2713 509 2785 (Do
526 2721 608 2784 ,proto
620 2719 707 2768 seroto
727 2720 775 2769 out
793 2708 928 2786 eooroto.)
951 2711 981 2768 Si
999 2713 1062 2785 quis
1076 2719 1186 2786 protum
1198 2712 1322 2770 alienum

264 2812 400 2891 supererit
419 2815 467 2868 out
480 2811 645 2879 exaraverit,
667 2796 696 2866 et
711 2810 807 2866 tenum
826 2809 934 2880 retunt,
950 2817 980 2866 et
996 2827 1047 2883 pro
1065 2809 1177 2868 inieoits
1197 2827 1323 2884 presum-

263 2911 361 2984 ptione
383 2914 525 2981 conponat
545 2907 651 2964 soiidos
671 2923 728 2966 ser.

262 3053 264 3056 .
344 3008 428 3066 858.
470 3005 501 3064 si
523 3006 584 3078 qius
611 3021 743 3078 eampum
771 3005 894 3062 alienum
920 3010 981 3060 *asto
1003 3021 1066 3061 οιιιιι
1083 3004 1222 3077 ιρὶιιιιιιιιιι
1242 3023 1322 3066 suun

201 3150 208 3156 .
264 3106 375 3166 dolierit
390 3110 442 3162 ιιιιι
462 3103 551 3176 spiens
572 3103 701 3160 monibus
722 3103 855 3172 evellerit„
881 3109 1024 3173 oonponet
1043 3101 1148 3159 solidus
1169 3121 1225 3163 sen.

344 3204 433 3262 858.
454 3202 529 3258 Nulii
541 3201 576 3258 sit
587 3201 700 3258 licentia
714 3201 884 3258 eterrntr'bos
896 3201 963 3258 erbe
976 3217 1090 3272 negare,
1109 3210 1229 3276 :excepto
1244 3210 1323 3277 proto

263 3301 502 3372 intsototompore
523 3315 583 3369 suo,
606 3306 653 3356 out
670 3315 798 3358 messem.
827 3299 893 3356 Post
914 3299 1010 3356 senum
1026 3307 1077 3356 sut
1091 3300 1178 3372 frugis
1189 3304 1321 3360 ootiectus

264 3406 370 3456 tuntum
391 3398 506 3455 rindioit
526 3399 603 3471 ouius
617 3406 697 3456 torre
718 3405 776 3468 est,
810 3405 944 3470 quantum
973 3415 1037 3455 oum
1063 3401 1216 3458 clausuram
1243 3418 1321 3458 suoru

265 3502 355 3570 potest
371 3496 535 3554 sermone.
558 3495 627 3554 Nom
650 3496 813 3553 noerellus
831 3495 887 3550 iter
907 3494 1071 3552 iacientibus
1093 3497 1129 3554 de
1150 3501 1251 3572 stupis,
1273 3505 1321 3556 sut

264 3595 299 3652 de
320 3594 380 3666 ipsu
400 3609 502 3666 passus
520 3594 569 3650 ubi
590 3595 643 3650 siis
665 3593 772 3666 poculis
789 3599 914 3666 poscent,
937 3609 1048 3650 movere
1060 3597 1268 3668 presumpserit,
1291 3598 1320 3654 in

263 3691 384 3763 sotogild
405 3692 480 3764 ipsus
497 3693 620 3748 osvulius
642 3697 800 3764 conponat,
835 3705 889 3763 pro
921 3707 954 3746 eo
986 3692 1073 3764 quod
1088 3691 1167 3765 ipsos
1193 3695 1228 3752 de
1255 3711 1320 3751 orno

264 3807 373 3864 oompo,
395 3790 474 3862 quod,
490 3798 537 3846 ost
558 3789 705 3858 senonen,
729 3805 839 3846 morem
861 3788 1036 3861 presumpsit

342 3888 432 3946 855.
454 3885 510 3958 (Do
529 3885 725 3960 sacramentis.)
767 3886 796 3942 Si
825 3887 1036 3959 qualiscumque
1066 3903 1147 3944 owse
1175 3888 1250 3946 inter
1271 3890 1321 3946 ho·

263 3986 353 4044 mines
371 3986 476 4042 umeros
497 3986 636 4055 evenerit,
665 3992 694 4040 et
713 3991 916 4040 sacromentum
938 3984 1061 4042 dandum
1083 3985 1208 4052 suerent.
1232 3987 1255 4046 si
1277 4003 1321 4042 us-

261 4069 317 4158 que
336 4084 374 4140 ιιι
394 4083 499 4154 siponti
519 4082 624 4140 solidos
646 4081 729 4138 fuerit
749 4097 831 4138 osuso
859 4081 918 4153 ipss
948 4089 995 4138 sut
1017 4083 1151 4156 amptius,
1182 4085 1218 4141 od
1238 4101 1321 4143 eron·

261 4183 336 4252 gem
357 4188 451 4238 sunots
469 4179 538 4252 iurit
558 4197 621 4236 oum
642 4196 683 4236 ru
703 4179 782 4236 sidus
802 4195 885 4247 sous,
904 4179 937 4236 id
958 4189 1000 4238 est
1019 4184 1251 4242 sacramentales:
1282 4183 1319 4241 ita

261 4287 293 4335 ut
313 4295 360 4336 ser
382 4278 423 4336 iiii
443 4279 622 4336 nominentur
643 4278 678 4334 ab
699 4277 748 4334 itio
770 4277 817 4349 qui
834 4279 935 4348 pulsat,
957 4285 986 4334 et
996 4278 1129 4350 septimus
1149 4281 1186 4338 sit
1205 4281 1252 4338 illo
1270 4280 1319 4354 qui

262 4377 403 4448 ponam,
421 4383 454 4432 et
475 4375 717 4449 quinquennales
738 4374 855 4432 voluerit
874 4375 994 4446 liberos,
1024 4383 1054 4436 ut
1079 4376 1135 4434 sint
1157 4379 1319 4438 uuodioem.

261 4474 346 4554 Quod
366 4475 388 4530 si
409 4473 503 4532 minor
523 4475 608 4532 tuerit
627 4489 708 4532 ouusu
729 4473 765 4530 de
785 4472 890 4545 rigenti
910 4474 1024 4541 solidis,
1054 4491 1143 4548 usque
1163 4477 1199 4532 od
1220 4475 1320 4535 duodi-
