3048 5130
582 528 721 574 nurerum
744 529 810 578 car.
834 525 862 572 ss
875 524 946 570 -sn
1258 507 1299 570 ts

319 680 372 737 tl.
395 679 425 735 Si
433 679 543 736 tertium
551 677 668 751 digitum
677 675 957 760 depedeexousserit,
968 681 1112 749 conponat
1120 676 1225 736 solidos
1235 683 1299 736 tres.

318 779 376 836 ”-
399 777 429 834 Si
450 783 579 851 quartum
600 778 720 850 digitum
751 778 786 834 de
818 777 889 849 pede
909 775 1070 846 excusserit,
1092 781 1235 848 conponat
1255 791 1300 832 so-

238 874 310 930 lidos
332 881 395 933 tres.

319 974 377 1030 dt.
399 971 429 1029 Si
463 972 592 1046 quintum
622 970 742 1044 digitum
777 972 812 1029 de
845 971 917 1044 pede
953 970 1121 1040 excusserit,
1157 979 1301 1043 conponat

237 1070 344 1128 solidos
365 1070 432 1128 duo.

318 1172 376 1229 Μ.
399 1171 430 1226 ln
463 1185 560 1225 omnes
589 1168 654 1224 istas
686 1168 781 1240 plagas
811 1173 858 1223 aut
893 1166 986 1223 ieritas
1014 1167 1141 1237 superius
1171 1168 1297 1242 scriptas,

237 1287 292 1343 quc
313 1269 387 1326 inter
406 1267 534 1324 homenis
555 1266 660 1322 liberos
681 1265 816 1333 evenerit,
838 1264 902 1320 ideo
922 1265 1057 1337 majorem
1074 1267 1300 1339 conpositionem

240 1367 384 1441 posuimus
405 1383 490 1439 quam
506 1364 616 1438 antiqui
634 1364 733 1431 nostri,
756 1369 785 1418 ut
803 1362 886 1432 laida,
909 1363 986 1435 quod
1008 1369 1049 1419 est
1059 1363 1212 1430 inimicitia,
1235 1373 1300 1436 post

237 1471 381 1538 acceptam
416 1463 630 1536 suprascriptam
659 1461 886 1533 conpositionem
916 1468 1100 1533 postponatur
1129 1470 1156 1517 et
1181 1462 1299 1534 amplius

238 1579 296 1618 non
317 1561 484 1635 requiratur,
508 1577 561 1618 nec
581 1561 662 1617 dolus
683 1563 820 1627 teneatur,
842 1565 884 1614 set
904 1557 940 1614 sit
960 1559 1012 1616 sibi
1030 1575 1112 1616 eausa
1130 1560 1218 1630 linita,
1241 1577 1300 1618 ms·

237 1667 323 1718 neoto
344 1659 475 1717 amicitia.
498 1657 575 1715 Etsi
597 1656 753 1730 contegerit
773 1655 808 1713 de
828 1655 902 1727 ipsas
919 1657 1013 1728 plagas
1033 1656 1106 1714 intra
1121 1657 1188 1715 suni
1209 1659 1298 1732 spatio

238 1758 286 1831 qui
308 1759 434 1831 plagatus
455 1762 498 1813 est
518 1754 600 1822 mori,
625 1761 691 1810 tunc
711 1753 759 1810 illo
780 1753 828 1826 qui
850 1769 914 1810 eum
935 1753 1055 1825 plagavit
1068 1763 1211 1827 conponat
1231 1774 1300 1831 qua·

238 1855 301 1912 liter
322 1855 351 1911 in
373 1852 606 1925 angargathungi,
630 1851 659 1908 id
680 1857 722 1908 est
741 1850 894 1908 seeundum
916 1851 1077 1924 qualitatem
1099 1868 1244 1925 personae.

317 1952 377 2009 dli.
401 1951 451 2024 (lle
470 1952 605 2020 insontem
631 1952 662 2006 io
691 1957 767 2006 utero
796 1952 893 2006 metris
920 1958 1047 2026 mortuo.)
1090 1950 1120 2008 Si
1147 1952 1240 2010 inians
1269 1954 1297 2010 in

236 2055 316 2107 utero
343 2048 438 2106 matris
469 2048 592 2105 nolendo
618 2048 654 2104 ab
679 2047 801 2120 aliquem
822 2046 929 2104 occisus
950 2047 1048 2122 luerit,
1072 2049 1094 2104 si
1115 2048 1174 2122 ipsa
1197 2051 1297 2109 mulier

234 2147 322 2204 libera
342 2153 394 2215 est,
420 2153 447 2202 ct
459 2145 585 2212 eraserit,
610 2144 781 2217 adpretietur
801 2151 831 2200 ut
847 2145 934 2202 libera
949 2146 1104 2202 seeundum
1121 2148 1296 2206 nobilitatem

235 2261 324 2309 suam,
348 2251 377 2300 et
396 2243 573 2300 medietatem
595 2243 670 2316 quod
692 2243 750 2315 ipsa
773 2243 888 2322 valuerit
908 2243 1001 2300 inians
1021 2243 1080 2317 ipsc
1101 2252 1294 2317 conponatur;

235 2358 300 2399 nam
330 2342 352 2399 si
380 2347 489 2399 mortua
516 2340 616 2406 luerit,
653 2348 797 2413 conponat
824 2357 886 2398 cam
906 2341 1061 2398 secundum
1081 2343 1295 2413 generositatem

235 2457 327 2509 suom,
350 2446 466 2511 excepto
488 2437 563 2510 quod
584 2438 613 2494 in
635 2444 714 2494 utero
732 2437 790 2510 ejus
804 2443 943 2495 mortuum
961 2437 1052 2506 inerit,
1075 2445 1106 2496 ut
1115 2456 1215 2514 suprs;
1238 2459 1296 2500 oes-

236 2546 313 2596 sante
334 2537 418 2606 laida,
441 2553 476 2592 eo
497 2535 574 2609 quod
596 2535 718 2591 nolendo
740 2535 814 2594 iecit.

314 2639 375 2694 16.
407 2633 459 2706 (De
478 2635 578 2702 aldios,
602 2642 626 2690 et
646 2651 738 2691 seruos
758 2635 970 2705 ministeriales.)
1011 2630 1052 2692 tte
1073 2634 1137 2692 illos
1158 2653 1224 2694 reru
1244 2637 1297 2696 mi-

235 2734 390 2792 nisteriales
410 2733 539 2802 dicimus,
562 2733 611 2805 qui
632 2731 706 2789 docti
728 2731 824 2788 domui
847 2731 941 2789 notriti
964 2738 1030 2790 sunt
1049 2741 1095 2790 sut
1115 2736 1233 2808 promti.

315 2833 368 2890 dd.
411 2831 442 2888 Si
463 2829 526 2903 quis
547 2830 652 2887 aldium
673 2829 796 2887 alienum
817 2835 864 2888 aut
884 2847 994 2888 servum
1015 2830 1219 2891 ministirialem
1233 2849 1297 2906 per-

235 2931 361 3000 cusserit,
385 2930 408 2987 si
429 2930 528 2985 vulnus
549 2935 595 2984 aut
615 2927 689 2985 libor
708 2929 884 3001 apparuerit,
907 2945 959 3001 pro
980 2946 1035 2986 una
1055 2929 1134 2986 lenita
1155 2937 1297 3003 conponat

235 3029 356 3086 solidum
376 3044 449 3092 unos
480 3027 507 3084 si
525 3027 593 3084 duas
614 3026 730 3096 lecerit,
763 3026 804 3082 dit
824 3027 928 3084 solidos
949 3028 1038 3092 duos;
1066 3026 1171 3084 sitres.
1187 3027 1293 3095 iecerit,

236 3126 276 3183 dit
296 3126 400 3183 solidos
422 3133 493 3190 tres;
515 3124 538 3181 si
560 3129 691 3197 quattuor
710 3125 810 3188 licerit,
833 3124 874 3181 dit
893 3124 998 3181 solidos
1019 3131 1162 3197 quattuor:
1185 3126 1208 3184 si
1229 3143 1295 3184 roro

235 3223 354 3297 amplius
375 3222 525 3292 duraverit,
549 3239 607 3278 non
630 3221 812 3281 nomirentur.

314 3324 373 3381 28.
415 3322 445 3378 Si
473 3321 536 3394 quis
564 3321 669 3378 aldium
688 3320 781 3376 alieno
803 3326 850 3376 out
874 3335 984 3376 sermm
1005 3318 1215 3378 ministerialem
1236 3323 1296 3395 pls·

235 3419 343 3491 gaverit
360 3420 389 3476 in
412 3425 494 3492 caput
513 3425 544 3476 ut
565 3435 627 3476 ossa
649 3434 706 3476 oon
728 3423 908 3490 rumpantur,
939 3432 990 3490 pro
1010 3433 1066 3474 unu
1081 3420 1168 3491 plaga
1189 3420 1231 3477 dit
1251 3437 1296 3478 so-

237 3517 308 3575 lidos
330 3517 406 3582 duc;
429 3517 451 3574 si
474 3517 542 3574 duas
563 3519 658 3589 plagas
679 3515 786 3584 iecerit,
810 3513 852 3571 dit
868 3515 971 3572 solidos
989 3531 1049 3580 nn;
1072 3515 1094 3572 si
1116 3523 1172 3576 tres
1187 3519 1293 3586 lecerit,

236 3623 376 3689 conponat
397 3615 502 3676 solidos
522 3631 569 3680 vit
592 3621 708 3686 excepto
730 3628 829 3684 operas
850 3618 879 3669 et
898 3613 1028 3670 mercidis
1044 3614 1163 3674 modici:
1185 3616 1208 3674 si
1229 3633 1294 3675 vero

237 3715 353 3788 amplius
375 3715 469 3787 plagas
490 3713 595 3785 capetis
617 3711 709 3777 luerit,
734 3726 791 3767 uon
813 3709 997 3767 nomirentur.

313 3816 375 3871 Ut).
418 3813 447 3870 Si
470 3813 532 3886 quis
553 3813 657 3870 aldium
678 3810 801 3868 alienum
822 3817 869 3866 aut
883 3827 991 3868 serrum
1007 3809 1215 3890 ministerialem
1236 3812 1296 3886 pla·

236 3911 342 3982 gaverit
361 3911 390 3968 in
413 3918 496 3984 eaput
516 3917 546 3968 ut
566 3927 628 3968 ossa
649 3915 814 3984 rumpantur
834 3924 922 3966 unum
947 3915 994 3965 aut
1015 3909 1120 3981 plures,
1152 3918 1296 3982 conponat

234 4009 339 4066 solidos
360 4017 501 4083 quattuor,
525 4016 641 4080 excepto
663 4024 762 4082 operas
783 4001 812 4064 e't
832 4005 969 4065 mercedis
990 4005 1103 4064 medici.

316 4108 381 4166 St).
404 4104 459 4179 (De
477 4109 560 4180 pinpo
579 4111 611 4164 io
629 4104 727 4181 (ocio)
769 4106 799 4163 Si
820 4105 883 4178 quis
903 4104 1008 4164 aldium
1028 4103 1150 4161 alienum
1170 4111 1218 4162 aut
1238 4122 1296 4164 ser·

236 4221 298 4262 rum
319 4204 522 4262 ministiriolem
535 4207 646 4279 plagam
668 4204 697 4261 in
713 4203 930 4273 iaciemlecerit,
954 4207 1096 4275 conponat
1107 4202 1212 4260 solidos
1224 4203 1292 4264 duo.

314 4304 372 4361 81.
395 4303 446 4373 (De
467 4305 541 4360 orado
562 4299 674 4376 mulso.)
716 4301 746 4356 Si
767 4301 830 4374 quis
851 4301 955 4358 aldium
976 4300 1099 4356 alienum
1119 4307 1166 4358 aut
1185 4318 1294 4360 servum

234 4399 428 4457 ministriotem
456 4401 567 4457 oculum
588 4399 755 4468 excusserit,
787 4399 964 4456 medietatem
994 4398 1077 4469 pretii
1106 4399 1191 4472 ipsios
1219 4401 1295 4474 quod

236 4495 419 4570 rdpretistum
440 4497 523 4556 luerit
542 4497 566 4554 si
587 4513 651 4554 sum
672 4494 814 4554 occidirsit
834 4495 861 4555 ei
883 4501 1034 4569 conponat.
1135 4553 1137 4557 ,
