3048 5130
245 486 288 550 98
639 505 794 551 norumrs
818 503 910 550 uncus

323 658 413 716 199.
436 653 487 730 (De
506 664 635 728 aportacto
655 652 791 730 aterius.)
832 655 862 713 Si
888 655 950 728 quis
978 653 1099 728 puellam
1118 657 1235 714 liberam
1257 661 1303 712 aut

244 754 332 810 redua
353 754 463 810 alterius
485 760 625 826 sponsale,
648 753 695 809 illa
717 761 809 809 tamen
831 752 1039 822 consentiente,
1063 753 1154 810 tolerit
1175 769 1301 821 uxorem,

245 858 388 923 conponat
413 851 575 924 parentibus
604 851 728 908 mulieris
755 851 798 906 vel
819 852 854 907 ad
875 867 959 923 quem
980 852 1111 908 mundius
1132 852 1166 908 de
1187 868 1220 907 ea
1241 867 1304 924 per-

245 948 364 1006 tenuerit
385 949 500 1021 anagrip
522 948 626 1004 solidos
646 947 743 1019 viginti
766 955 793 1004 et
813 955 927 1020 propter
948 947 1020 1005 laida
1047 947 1117 1005 alius
1137 949 1252 1018 vigenti,
1276 957 1304 1004 et

227 1027 375 1104 'mundius
405 1048 463 1121 ejus
486 1045 610 1119 qualiter
636 1045 798 1101 convenerit
825 1045 916 1102 iaciat.
961 1045 1086 1118 Sponsus
1114 1052 1205 1101 autam
1227 1047 1304 1118 cujus

245 1151 403 1216 sponsatam
424 1144 496 1212 luit,
529 1143 622 1199 omnia
653 1160 723 1216 quae
753 1143 781 1198 in
807 1152 881 1199 meta
910 1143 1014 1199 dictum
1036 1143 1087 1200 luit
1108 1144 1220 1216 quando
1242 1161 1303 1200 eam

244 1243 365 1314 sposavit
392 1243 420 1298 iu
443 1242 558 1298 dublum
579 1241 604 1302 ei
627 1249 802 1314 conponatur
822 1243 857 1298 ab
879 1243 946 1311 illo,
980 1242 1027 1314 qui
1058 1244 1084 1299 ei
1114 1242 1304 1314 disponsatam

245 1357 324 1397 suam
345 1348 424 1413 turpe
446 1340 530 1404 lecit;
553 1346 581 1394 et
602 1346 696 1411 postea
718 1355 846 1411 sponsus,
870 1345 933 1413 post
954 1347 1094 1412 acceptam
1109 1341 1221 1397 dublum
1238 1358 1304 1397 con-

245 1438 391 1511 positionis
412 1454 530 1511 penos,·
550 1438 586 1493 sit
605 1437 657 1494 sibi
678 1445 873 1511 contemptus,
905 1445 933 1494 et
956 1438 1074 1511 amplius
1095 1455 1129 1494 ex
1151 1439 1202 1495 bac
1224 1454 1304 1495 causa
1344 1508 1352 1521 ἱ

245 1536 375 1592 adversus
396 1535 586 1607 fidejussorem
607 1534 745 1591 calomnia
766 1551 822 1590 non
845 1535 1011 1608 requiratur.

326 1635 407 1692 191.
430 1631 482 1706 (lie
510 1641 589 1704 copto
617 1640 761 1703 mammae
788 1631 924 1706 uberius.)
965 1633 995 1688 st
1025 1632 1088 1705 quis
1113 1633 1233 1704 puellam
1258 1639 1305 1688 aut

246 1731 363 1788 veduem
383 1737 513 1802 sponsata
534 1729 646 1787 alterius
667 1729 798 1802 rapuerit,
820 1730 856 1786 sit
869 1730 1017 1802 culpavells
1033 1730 1194 1802 parentibus
1210 1731 1303 1803 puelle

247 1836 294 1884 aut
314 1829 349 1885 ad
370 1845 454 1901 quem
474 1827 604 1883 mundius
625 1828 660 1884 dc
681 1843 713 1884 ea
729 1827 900 1899 pertenuerit
923 1828 1027 1884 solidos
1047 1827 1225 1898 noninginta,
1248 1844 1305 1883 me·

249 1925 379 1984 dietatem
400 1925 471 1996 regi,
494 1931 521 1982 et
541 1925 717 1982 medietatem
738 1925 900 1998 perentibus
920 1927 1023 1999 puelle,
1047 1925 1075 1982 id
1098 1932 1139 1981 est
1159 1932 1237 1998 pater
1257 1933 1304 1982 aut

247 2025 331 2081 irater
351 2031 398 2080 aut
419 2023 465 2096 qui
487 2023 606 2096 proximi
628 2030 710 2092 sunt,
738 2028 765 2079 et
785 2023 932 2079 mundium
958 2024 1016 2096 ejus
1038 2023 1062 2079 si
1083 2022 1247 2079 convenerit
1267 2023 1306 2079 ia·

249 2123 312 2180 ciat.
336 2123 447 2195 Spunso
468 2128 571 2186 autem,
595 2121 623 2176 in
646 2121 723 2193 cuius
744 2128 825 2194 turpe
846 2129 892 2177 aut
913 2122 941 2176 in
954 2122 1132 2178 derisiculum
1148 2122 1215 2193 egit,
1238 2138 1306 2178 con·

249 2228 335 2293 ponat
355 2219 439 2275 dobla
460 2226 532 2274 meta
554 2226 688 2291 quantum
704 2219 807 2274 dictum
829 2225 870 2274 est
891 2219 919 2275 in
942 2219 1004 2276 diae
1025 2220 1072 2276 illa
1088 2220 1200 2292 quando
1216 2219 1306 2276 lavola

250 2319 357 2375 firmata
379 2317 478 2386 iuerat,
502 2325 529 2372 et
548 2317 667 2389 amplius
686 2317 841 2390 fidejussori
862 2324 909 2374 aut
929 2317 1031 2390 raptori
1055 2318 1090 2375 ab
1111 2318 1201 2390 ipsum
1221 2333 1306 2389 spun-

248 2433 311 2472 sum
340 2415 477 2471 calomnia
507 2431 562 2470 non
593 2423 760 2486 generetur,
792 2415 840 2472 sed
861 2415 896 2471 sit
916 2415 968 2472 sibi
990 2422 1165 2488 contemptus
1195 2416 1223 2471 in
1244 2414 1304 2488 ipsa

250 2514 333 2570 dubla
355 2512 556 2585 conpositionis
576 2530 676 2584 poena.
1108 2557 1109 2564 ,

256 2653 258 2660 ,
328 2613 414 2671 199.
436 2609 482 2677 (Si
494 2619 620 2682 permutes
640 2614 673 2666 de
688 2613 777 2682 puello
788 2627 887 2682 sporum
907 2613 1035 2668 comalio
1051 2612 1175 2668 conludio
1191 2610 1304 2682 lecerit.)

251 2707 281 2764 Si
309 2715 386 2781 pater
412 2715 459 2765 aut
479 2709 564 2766 irater
591 2710 634 2766 vel
655 2709 755 2782 aliquis
776 2725 810 2764 ex
830 2710 992 2781 parentibus
1013 2709 1133 2782 puellum
1154 2709 1200 2766 alii
1221 2725 1307 2781 spun-

249 2806 359 2875 saverit,
382 2811 409 2862 et
431 2813 525 2878 postea
547 2823 609 2863 cum
631 2806 684 2862 elio
707 2815 838 2863 extraneo
860 2807 1023 2864 conludium
1044 2806 1142 2864 iecerit
1167 2814 1214 2864 aut
1233 2806 1306 2863 irau-

251 2903 315 2960 dem
336 2904 509 2960 consenserit
528 2920 591 2960 cum
612 2904 710 2967 illum,
741 2905 789 2978 qui
817 2921 878 2961 eam
907 2913 953 2962 aut
980 2905 1115 2962 violenter
1142 2913 1189 2962 aut
1218 2905 1306 2977 ipsam

251 3001 473 3060 consentientem
494 3001 572 3058 duxit
593 3018 724 3059 oxorem:
748 3008 813 3058 tunc
834 3003 886 3075 ipsi
908 3010 1046 3076 parentes,
1070 3003 1117 3075 qui
1138 3003 1218 3075 bujus
1239 3018 1307 3058 con-

250 3099 319 3160 ludii
340 3099 444 3156 fraudis
464 3108 680 3169 consenserent,
704 3109 865 3172 conponant
886 3117 1019 3173 sponsum
1040 3102 1087 3174 qui
1110 3117 1171 3157 eam
1192 3116 1307 3174 spuma·
1367 3137 1375 3146 -

250 3205 306 3254 tam
326 3197 424 3254 babuit
443 3197 525 3254 simili
547 3214 656 3270 poena,
680 3205 832 3271 utsupra,
865 3199 894 3255 in
917 3200 1033 3256 dublum
1053 3205 1126 3256 meta
1151 3215 1205 3272 que
1232 3197 1306 3254 dicta

251 3297 340 3352 iuerat
359 3295 388 3352 in
410 3295 472 3353 diae
492 3296 717 3369 sponsaliorum
741 3304 768 3352 et
788 3304 883 3370 postea
904 3313 1022 3369 spunsus
1043 3297 1160 3370 amplius
1176 3297 1306 3354 adversus

251 3409 300 3450 eos
321 3401 368 3450 aut
388 3393 578 3467 fidejussorem
599 3395 737 3452 calomnia
760 3411 817 3450 non
839 3395 1005 3468 requiratur.

330 3493 417 3551 199.
459 3491 488 3547 Si
510 3493 601 3564 puella
622 3492 710 3550 libera
731 3493 798 3550 ioris
819 3493 961 3566 provincia
981 3509 1090 3549 servum
1113 3492 1235 3549 alienum
1264 3508 1307 3548 se-

251 3596 313 3646 cuta
327 3589 419 3658 luerit,
442 3589 586 3662 requirant
600 3607 647 3647 eos
664 3591 768 3663 puriter
782 3591 913 3648 dominus
925 3591 996 3646 servi
1013 3598 1040 3646 et
1053 3590 1176 3663 parentis
1194 3591 1304 3663 puelle;

252 3696 280 3743 et
300 3687 322 3744 si
344 3704 392 3744 eos
407 3687 580 3756 inuenerem,
605 3689 686 3744 ambo
701 3705 820 3761 poenam
838 3689 914 3761 juxta
935 3689 1027 3760 legem
1039 3695 1216 3744 sustencant:
1241 3705 1304 3745 nam

251 3787 361 3859 culpam
382 3803 397 3842 a
419 3785 534 3841 domino
556 3787 632 3859 cujus
654 3802 747 3844 servus
769 3786 852 3843 luerit
872 3804 929 3843 non
950 3786 1116 3860 requiratur.

331 3886 416 3943 194.
459 3883 489 3938 Si
510 3883 572 3956 quis
593 3901 655 3941 cum
676 3885 776 3942 ancilla
794 3884 935 3943 Gentilem
956 3885 1108 3956 ioruigatus
1126 3884 1216 3949 luerit,
1239 3900 1307 3940 con-

252 3989 339 4058 ponat
359 3983 393 4039 ad
416 3982 561 4038 dominum
583 3983 641 4055 ejus
662 3983 766 4041 solidos
778 3984 897 4055 viginti3
919 3985 942 4041 si
964 4001 1026 4041 cum
1043 3985 1179 4052 Romana,
1202 3983 1306 4040 solidos

253 4082 401 4139 duodicem
421 4086 572 4153 conponat.

330 4179 417 4239 1⁰5.
435 4178 491 4254 ¹(lle
511 4181 611 4236 ommate
631 4181 662 4235 io
679 4182 795 4252 puellam
814 4176 930 4254 injecto.)
972 4178 1001 4235 Si
1023 4178 1085 4251 quis
1104 4179 1249 4236 mundium
1270 4177 1305 4233 de

252 4279 343 4350 puella
363 4277 450 4334 libera
472 4284 519 4333 aut
538 4277 684 4334 mulierem
703 4285 866 4351 potestatem
886 4276 1001 4347 babens,
1025 4283 1140 4349 excepto
1161 4283 1240 4350 pater
1259 4282 1307 4332 aut

253 4375 345 4447 irater,
368 4385 395 4433 et
415 4376 444 4433 iu
466 4376 588 4434 animam
609 4376 694 4450 ipsius
715 4378 807 4449 puelle
828 4381 875 4433 aut
896 4375 1017 4433 mulieris
1039 4375 1184 4433 insidiatus
1210 4374 1302 4439 luerit,

253 4480 299 4531 aut
326 4475 372 4533 alii
393 4474 508 4534 inuitam
529 4476 564 4533 ad
585 4475 713 4534 maritum
736 4475 843 4532 tradere
865 4473 997 4543 voluerit,
1027 4480 1073 4531 aut
1094 4473 1250 4530 volentibus
1270 4474 1304 4529 ad
