3048 5130
248 451 290 520 st
611 473 796 518 ururrmrvnr
820 473 910 518 noers

248 635 295 684 aut
313 627 348 682 de
369 631 448 698 patre
469 631 516 682 aut
536 625 571 681 de
592 627 664 694 avio,
689 625 765 698 quod
785 625 874 696 ipsam
896 641 954 680 rem
975 639 1027 696 per
1046 624 1213 697 prinoipem,
1237 641 1306 698 qua·

246 725 302 781 lem
325 739 406 780 ausus
426 722 508 779 suerit
529 722 686 788 nominare,
710 723 768 794 ipse
790 729 837 778 aut
851 728 979 794 parentes
997 722 1082 794 ipsius
1098 739 1149 794 per
1159 740 1194 778 ux
1215 739 1304 780 annos

247 820 425 896 possedissit,
460 837 511 876 nec
532 837 593 876 eam
625 836 675 891 per
697 821 788 890 legem
809 819 948 876 dimittere
970 819 1085 886 deveat,
1105 827 1133 876 et
1153 819 1187 875 sit
1208 826 1303 892 postca

246 936 367 977 securos.
399 917 479 974 Etsi
499 917 554 974 hoe
575 918 664 974 lacere
686 933 768 973 ausus
790 933 847 974 non
870 916 968 985 luerit,
995 924 1043 972 aut
1063 916 1132 972 torte
1154 917 1304 987 gastaldius

247 1024 293 1074 aut
313 1021 390 1072 actor
411 1031 527 1088 provare
549 1015 670 1086 potuerit
691 1015 767 1087 qood
790 1014 913 1087 conpleti
936 1031 976 1070 cx·
997 1015 1062 1070 anni
1085 1014 1224 1086 possessio
1244 1013 1304 1087 ipsa

249 1131 304 1169 non
326 1114 370 1178 sit,
395 1120 422 1168 et
442 1111 542 1167 veritas
563 1112 722 1183 apparuerit
742 1113 818 1184 quod
840 1113 875 1166 de
897 1111 1008 1184 puplico
1027 1111 1126 1180 fuissit,
1150 1117 1197 1166 unt
1212 1118 1305 1167 osten·

246 1213 294 1268 dat
308 1201 479 1285 preceptum,
502 1215 549 1264 aut
564 1208 670 1264 amittat
691 1211 779 1280 ipsam
800 1225 859 1265 rem
881 1211 903 1265 si
921 1226 956 1264 ux
977 1209 1044 1264 anni
1066 1209 1095 1264 in
1117 1209 1176 1280 ipsa
1198 1225 1305 1281 posses-

246 1309 325 1365 sione
346 1325 402 1363 non
426 1306 506 1362 inerit
526 1305 659 1377 conpleti.
681 1306 759 1362 Etsi
782 1306 910 1362 forsitans
932 1307 1032 1381 aliquis
1053 1307 1183 1362 deservo
1205 1314 1251 1363 aut
1268 1307 1304 1362 de

246 1405 359 1462 aldione
379 1404 484 1459 domno
507 1401 579 1471 regis
600 1403 781 1475 conparavit,
805 1412 832 1459 et
852 1411 965 1475 provata
986 1421 1068 1460 causa
1090 1404 1182 1474 luerit,
1206 1404 1305 1461 relaxit
1387 1417 1391 1426 ’

246 1503 335 1575 ipsam
355 1518 414 1558 rem
435 1500 464 1556 in
486 1500 616 1572 puplicot
640 1501 707 1573 quia
728 1501 764 1557 de
785 1517 864 1558 servo
887 1508 934 1557 aut
954 1501 989 1558 de
1011 1501 1123 1558 aldione
1145 1502 1218 1573 regis
1239 1517 1304 1574 pos-

246 1601 331 1656 sessio
352 1597 516 1656 vinditionis
543 1614 605 1654 esse
629 1615 686 1654 nun
721 1598 814 1667 derit,
841 1598 912 1654 sicut
941 1592 991 1655 ne'c
1020 1600 1054 1656 de
1076 1597 1196 1656 aliorum
1217 1599 1303 1656 servis

247 1700 288 1755 vel
310 1697 477 1754 aldionibus.

326 1792 386 1868 (X.)
416 1796 476 1851 79.
508 1791 547 1850 De
569 1810 603 1849 eo
624 1792 739 1849 homine
761 1792 808 1865 qui
831 1795 934 1850 cavallo
956 1795 985 1849 in
1007 1800 1128 1850 mercato
1151 1811 1303 1867 conparare

245 1892 371 1957 voluerit,
395 1897 508 1947 utente
529 1891 599 1947 duos
620 1896 667 1946 aut
687 1897 743 1944 tres
764 1890 891 1946 homines
913 1907 975 1946 eum
997 1908 1089 1948 emere
1108 1892 1215 1961 deveat,
1240 1909 1303 1949 nam

246 2007 303 2047 non
323 1997 446 2060 segrete3
469 1995 497 2044 et
517 1989 540 2044 si
560 1988 660 2060 aliquis
677 1994 775 2058 postea
796 1987 887 2058 ipsum
905 1989 1040 2045 cavallum
1059 1991 1231 2060 cognoverit,
1255 1992 1304 2047 ha-

245 2090 310 2146 beat
331 2087 489 2144 testimonia
510 2087 539 2142 in
561 2086 638 2158 cujus
659 2087 799 2159 presentia
820 2088 995 2159 conparavit,
1026 2094 1054 2144 et
1074 2090 1098 2145 ei
1122 2096 1217 2160 postea
1239 2089 1303 2146 iurti

245 2188 382 2244 calomnia
405 2202 462 2241 non
484 2184 540 2243 fiat.
568 2185 603 2240 Et
623 2183 645 2240 si
668 2183 702 2239 ad
723 2183 799 2256 ipsos
820 2190 902 2239 testes
920 2201 981 2241 non
1003 2187 1159 2242 credederit
1179 2187 1226 2260 qui
1248 2187 1304 2243 sur-

245 2291 303 2341 tum
324 2283 426 2356 querit,
450 2281 562 2339 firment
582 2281 634 2354 ipsi
653 2287 735 2337 testes
754 2297 805 2352 per
819 2290 1034 2351 sagramentum,
1058 2292 1173 2356 excepto
1192 2285 1215 2340 si
1236 2287 1303 2341 tales

244 2381 366 2437 hominis
387 2381 511 2449 luerent,
542 2379 643 2450 quibus
664 2395 713 2435 rex
734 2385 781 2434 aut
797 2379 883 2451 judex
905 2381 965 2436 sine
986 2389 1161 2450 sagramento
1188 2383 1303 2439 credere

245 2479 340 2552 possit.
370 2479 406 2534 Et
426 2478 449 2534 si
471 2477 599 2533 homenis
621 2494 679 2532 non
701 2477 828 2533 habuerit
848 2476 877 2532 in
900 2494 1018 2550 quorum
1041 2480 1178 2550 presentia
1200 2496 1304 2552 conpa-

245 2577 333 2646 ravit,
366 2576 421 2632 nisi
441 2577 604 2648 simpliciter
624 2575 742 2640 dixerit,
777 2576 853 2648 quod
876 2575 1028 2648 Corporum
1049 2579 1082 2633 de
1101 2577 1226 2646 Franco,
1256 2584 1304 2634 aut

244 2674 339 2732 Nescio
360 2677 393 2730 de
413 2676 518 2745 qualem
533 2677 676 2738 hominem,
700 2681 843 2747 conponat
863 2673 954 2746 ipsum
970 2676 1104 2732 cavallum
1126 2692 1175 2748 pro
1190 2677 1300 2735 lurtum.

325 2772 384 2841 (XI.
405 2773 446 2829 Do
465 2769 628 2846 turonibus.)
658 2773 723 2829 St).
748 2772 781 2829 Ut
801 2773 991 2846 unusquisque
1008 2773 1094 2845 judex
1115 2773 1144 2828 in
1166 2774 1303 2831 civitatem

245 2863 322 2928 suam
342 2870 425 2928 saciat
445 2870 579 2927 carcirem
598 2871 650 2926 sub
671 2878 761 2934 terra3
799 2877 910 2927 etcum
931 2871 1058 2927 inventus
1080 2869 1179 2941 tuerit,
1211 2873 1302 2944 ipsum
1371 2885 1373 2892 ·

244 2971 347 3027 lurtum
368 2976 523 3041 conponat,
552 2977 580 3025 et
601 2968 821 3042 conpraehindat
842 2984 922 3036 eum,
951 2974 979 3024 et
999 2969 1088 3024 mittat
1110 2969 1139 3024 in
1160 2971 1221 3042 ipso
1243 2986 1303 3026 oar-

245 3069 300 3126 cire
322 3069 357 3125 ad
378 3083 467 3124 annos
489 3068 544 3123 duo
566 3069 609 3124 vel
630 3073 700 3136 tres,
734 3073 762 3122 et
783 3074 876 3138 postea
900 3067 1019 3122 dimittat
1040 3084 1103 3123 eum
1125 3083 1234 3126 sanum.
1266 3069 1302 3124 Et

244 3167 266 3223 si
289 3165 350 3223 talis
372 3183 491 3239 persona
512 3166 613 3232 suerit,
648 3174 677 3222 ut
698 3183 754 3222 non
777 3165 878 3221 habeat
897 3165 972 3220 unde
999 3165 1091 3237 ipsum
1110 3165 1213 3222 lurtum
1234 3182 1302 3222 oon-

244 3281 359 3336 ponere,
383 3265 483 3320 debeat
502 3282 566 3321 eum
588 3264 653 3321 dare
674 3265 702 3320 in
722 3279 819 3320 manus
840 3262 914 3320 illius
935 3264 979 3320 cui
998 3264 1089 3337 ipsum
1104 3264 1205 3322 lurtum
1225 3266 1298 3337 lecit,

244 3363 350 3434 etipse
371 3362 407 3417 de
428 3379 461 3418 eo
483 3362 565 3419 iaciat
586 3362 661 3434 quod
684 3360 809 3419 voluerit.
851 3361 935 3436 Etsi
953 3369 1049 3434 postea
1070 3362 1170 3419 iterum
1190 3368 1250 3436 ipse
1271 3365 1300 3421 in

243 3459 315 3514 iurto
337 3465 430 3514 tentus
450 3459 552 3529 luerit,
576 3460 693 3516 decnlvit
713 3475 776 3514 eum
797 3466 825 3514 et
846 3459 926 3514 cedat
947 3475 996 3531 per
1017 3459 1207 3532 disciplinam,
1231 3462 1303 3519 sicut
1396 3461 1400 3468 “

244 3557 318 3613 derit
336 3556 476 3624 turonem,
500 3562 527 3612 et
548 3565 634 3628 ponat
655 3555 680 3612 ei
693 3556 803 3627 signum
825 3557 854 3612 in
869 3557 960 3613 fronte
981 3563 1009 3613 et
1030 3557 1134 3624 iaciae;
1157 3559 1227 3616 etsi
1249 3577 1301 3616 nec

243 3655 283 3712 sic
303 3653 453 3709 emendare
475 3654 605 3724 voluerit,
638 3661 665 3710 et
685 3660 748 3726 post
767 3655 840 3727 ipsas
861 3655 1046 3712 districtiones
1067 3655 1096 3711 in
1118 3657 1220 3714 lurtum
1242 3665 1301 3714 ten-

243 3760 286 3809 tus
307 3751 399 3820 fuerit,
423 3749 518 3808 vindat
539 3769 601 3808 eum
624 3751 691 3808 ioris
712 3753 865 3824 provincia,
889 3760 917 3809 et
937 3755 1037 3811 habeat
1056 3753 1108 3811 sibi
1124 3755 1210 3827 judex
1222 3773 1301 3828 prae-

243 3852 311 3908 tium
332 3843 432 3923 ipsiusss
465 3857 652 3906 verumtamen
674 3858 704 3907 ut
721 3857 833 3923 provata
855 3867 936 3908 causa
957 3853 1012 3920 sit,
1037 3858 1064 3908 et
1085 3869 1141 3908 non
1157 3869 1220 3910 eum
1239 3854 1299 3910 sine

242 3965 306 4006 vera
326 3948 491 4022 provetione
512 3948 610 4004 deveat
629 3948 752 4007 vindere.
792 3963 796 3971 ’

322 4045 415 4120 (XII.)
459 4049 515 4105 81.
559 4047 588 4103 Si
610 4047 671 4120 quis
699 4047 785 4102 homo
806 4048 941 4103 cavallum
961 4047 1121 4118 perdederit
1150 4055 1196 4106 aut
1216 4049 1299 4105 aliam

243 4146 473 4217 qualemcumque
494 4161 573 4213 rem,
607 4145 687 4201 vadat
707 4145 742 4201 ad
759 4142 884 4217 judicem
905 4145 953 4217 qui
980 4145 1009 4200 in
1038 4147 1102 4201 loco
1132 4147 1237 4218 positus
1257 4151 1299 4200 est
1397 4217 1399 4224 y

243 4241 290 4297 ubi
313 4242 415 4298 lurtum
437 4241 538 4299 sactum
559 4241 651 4310 luerit,
676 4247 703 4296 et
724 4241 797 4298 dicat
818 4242 843 4298 ei
864 4241 958 4299 omnia
975 4242 1094 4315 qualiter
1115 4244 1139 4300 ei
1158 4241 1296 4311 contegitt

243 4346 270 4397 et
290 4342 312 4397 si
329 4341 415 4414 iudex
433 4344 588 4398 neclectum
605 4341 701 4398 iecerit
721 4341 756 4397 ad
770 4341 970 4413 inquirendum
986 4341 1077 4413 ipsum
1096 4339 1208 4408 lurtum,
1232 4355 1299 4396 eou-

242 4444 328 4511 ponat
348 4439 383 4495 de
403 4438 518 4512 proprio
540 4455 590 4496 suo
612 4439 714 4496 lurtum
735 4437 835 4511 ipsum.
872 4437 952 4496 Etsi
973 4439 1074 4496 dixerit
1093 4437 1169 4511 quod
1191 4438 1298 4496 nullum
