3022 5144
1202 539 1241 601 bl

326 717 450 790 triente,
476 725 509 779 ut
525 715 661 797 potuerit
675 716 785 779 eadem
809 716 988 798 superdoies
1012 718 1074 800 tegi
1098 717 1245 780 s'oindulis

324 827 526 910 quindecima
558 827 609 892 rix
639 835 743 892 autem
767 835 829 890 tam
855 843 968 910 parrae
992 828 1150 894 scindulae
1174 849 1244 890 esse

324 949 467 1022 potuere,
492 949 527 1002 ut
550 960 657 1003 earum
679 941 804 1022 triginta
828 951 882 1004 aut
905 942 997 1004 etiam
1024 941 1137 1024 viginti·
1154 942 1245 1023 qnin-

325 1073 386 1135 que
418 1054 508 1118 unius
538 1053 665 1135 tegulae
695 1053 893 1134 superficiem
928 1062 1108 1136 aequarent.
1165 1053 1246 1116 Satis

325 1165 428 1228 etiarn*
442 1174 549 1228 nostra
571 1166 664 1228 lectio
679 1167 800 1228 accedit
816 1167 856 1229 ad
870 1166 1024 1230 rationem
1041 1187 1148 1228 eorum
1163 1185 1244 1248 quae

305 1297 397 1339 .mox
426 1277 587 1359 leguntur,
635 1280 703 1359 pub
748 1289 856 1340 eentum
890 1281 1098 1360 quinquaqinta
1137 1280 1245 1356 tepulae

256 1375 259 1380 ¹
323 1392 380 1452 dno
412 1391 493 1452 milia
527 1392 695 1470 quippentos
727 1393 867 1453 smnus
898 1394 1008 1460 isbaab·
1053 1411 1125 1453 narn
1159 1391 1241 1468 15><

278 1573 279 1578 γ
326 1501 540 1564 150=2250=
567 1511 600 1564 ut
617 1503 642 1564 si
659 1511 834 1566 accuratam
844 1503 995 1566 radonem
1006 1503 1076 1586 quis
1092 1501 1241 1584 requirat,

323 1633 380 1694 pro
403 1616 572 1693 ponendas
593 1613 705 1696 legisse
727 1614 873 1683 sufficiat,
900 1635 939 1681 eo.
963 1585 1173 1694 pnnpuapinlo
1187 1634 1242 1676 seu

323 1727 546 1804 qoinprtapeota,
560 1726 603 1789 uti
617 1745 712 1808 saepe
722 1746 831 1789 vocem
849 1726 880 1788 in
896 1726 956 1789 boo
965 1727 1075 1789 Edicto
1091 1727 1243 1808 prolatam

324 1837 474 1918 legimus..
491 1837 522 1900 Si
537 1857 595 1919 pro
607 1840 766 1918 quindecim
778 1838 864 1921 legas
877 1859 894 1902 e
905 1838 1067 1920 anulpho
1088 1839 1188 1910 XXX,
1205 1838 1244 1899 ad

322 1969 459 2032 unguem
482 1931 614 2032 ut'raque
637 1951 715 2014 ratio
731 1952 888 2034 prodiret,
915 1959 1031 2015 munta
1054 1950 1147 2012 modo
1164 1968 1242 2012 voce

323 2061 408 2124 DUO
429 2065 510 2123 milio
533 2063 564 2125 in
590 2062 806 2140 QUATTUOR
827 2067 925 2138 milio3
951 2085 1022 2128 uam
1046 2062 1244 2140 30><150=

323 2173 427 2255 t5003
444 2177 500 2238 sed
519 2176 643 2238 obstant
661 2196 714 2256 aa,
735 2197 817 2258 quae
831 2178 870 2239 de
887 2174 1099 2258 magnitudine
1120 2174 1246 2236 scindu-

293 2319 298 2337 ι
322 2287 420 2351 larum
445 2307 544 2369 nuper
567 2287 751 2356 monuimus.

278 2397 429 2482 solnm)
467 2400 512 2462 lta
541 2401 636 2481 Epor.
668 2409 699 2462 et
729 2400 861 2484 Gnelpb.
892 2399 913 2461 2
942 2419 1029 2474 mox,
1063 2401 1131 2465 Par.
1158 2398 1244 2460 b613

323 2520 455 2593 utroque
484 2512 574 2586 looo,
609 2513 735 2574 eadelm
757 2511 817 2575 boo
841 2513 910 2576 loeo
934 2511 1065 2596 Guelpln
1098 2521 1243 2594 uterque,

223 2609 226 2614 ¹
322 2625 424 2706 posito
456 2645 475 2684 o
496 2643 553 2706 pro
575 2645 610 2700 u,
634 2645 674 2686 ex
697 2625 804 2687 ltalioa
826 2623 937 2706 prioris
960 2623 1081 2688 litterae
1105 2643 1243 2706 pronun·

322 2736 473 2810 oiatione,
503 2757 560 2817 pro
583 2739 737 2810 suadebo,
764 2737 847 2818 quod
870 2736 989 2800 babent
1021 2735 1093 2802 Car.
1125 2735 1243 2798 utrobi-

322 2869 400 2930 que,
426 2849 520 2929 Epor.
550 2847 611 2910 bon
641 2848 720 2914 loeo.
746 2848 827 2911 blale
850 2858 953 2912 autem
987 2848 1050 2915 bia.
1075 2851 1238 2916 scandulas,

323 2942 464 3042 quamuis
488 2961 629 3023 eamdem
647 2960 813 3024 lectionem
829 2969 974 3024 tueantur
990 2962 1078 3024 codd.
1103 2960 1135 3021 iu
1151 2957 1243 3022 liotb.

322 3094 391 3155 eap.
418 3091 582 3154 ccuxxxuj
606 3082 678 3136 suut
701 3073 785 3136 enim
801 3094 820 3144 a
836 3076 988 3136 scindendo
1011 3054 1132 3146 dieue,
1158 3072 1242 3153 quod

322 3205 339 3248 e
362 3187 458 3250 seisso
481 3185 566 3267 ligno
589 3185 711 3250 fierent.
741 3187 889 3268 Superest
912 3205 974 3248 vox
1004 3185 1115 3248 eadem
1147 3182 1255 3266 signi-'

320 3298 481 3362 ficatione·
499 3297 541 3360 iu·
566 3298 750 3372 Germanica
787 3297 892 3382 lingua
922 3297 1083 3361 Sodindeln.
1128 3294 1243 3358 Similis

322 3430 409 3474 error
435 3411 602 3494 plerosque
641 3419 784 3474 veterum
812 3419 972 3492 auctorum
1003 3409 1090 3472 looos
1121 3409 1245 3472 obsidet

328 3531 391 3585 tam
414 3523 445 3585 in
477 3523 635 3587 nonnullis
665 3524 824 3587 codicibus
853 3543 946 3606 quam
975 3523 1009 3585 in
1042 3522 1242 3588 editionibus.

259 3697 261 3702 ,
321 3634 563 3698 Confundendae
597 3644 699 3700 autem
730 3657 792 3699 non
816 3644 895 3700 sunt
919 3655 989 3700 cum
1012 3637 1166 3702 senodalis.
1201 3636 1241 3697 de

322 3748 434 3830 quibus
459 3747 644 3816 Columella,
680 3751 722 3810 De
744 3769 775 3810 re
796 3751 914 3819 rustico,
949 3750 1010 3815 Lib.
1040 3748 1085 3822 V„
1111 3767 1173 3828 rep.
1197 3747 1257 3812 11..

277 3862 384 3939 lebant)
408 3862 453 3922 lta
478 3859 572 3944 Cav.;
595 3864 668 3922 lebat
687 3862 798 3943 Epor.;
823 3864 912 3924 lebant
929 3863 996 3927 Par.
1023 3860 1127 3941 t6133
1151 3862 1245 3921 tenuat

322 3973 456 4055 Gnelpb.
483 3973 521 4053 23
545 3975 714 4048 leonilla,
742 3972 874 4056 Gnelpb.
902 3975 930 4034 1.

276 4086 346 4163 poio
369 4096 480 4146 remum
514 4119 560 4176 -Ι
577 4087 717 4147 subdolos
740 4084 847 4169 iebant)
871 4086 931 4147 Pro
954 4087 1123 4165 quinquatria
1144 4084 1240 4164 Epor.

321 4198 497 4275 prinpentin·
535 4218 592 4278 pro
622 4201 716 4260 lebant
740 4198 883 4280 ¹Gnelpb.
915 4198 1062 4263 oneum.
1108 4198 1144 4260 ln
1169 4195 1241 4258 Car.

321 4306 407 4370 locus
430 4309 473 4372 ita
509 4330 542 4372 se
573 4308 666 4374 babet
689 4312 758 4391 quio
790 4313 898 4390 tapetes
928 4311 1002 4371 mtto
1033 4312 1187 4389 qeinpento
1217 4320 1243 4368 et
