3022 5144
1190 492 1228 554 11

225 685 257 726 re
287 661 353 746 ipsa
388 665 507 728 absunt.
568 665 598 726 si
632 685 706 728 voro
738 665 878 730 hodierni
903 670 1054 751 bipedes
1079 670 1234 753 (reliquos,

225 778 308 838 enim
332 777 440 839 omitto
464 778 564 839 minus
587 787 746 857 accuratas
769 781 906 844 rationes
929 782 1093 864 babentes)
1119 783 1158 843 ab
1175 801 1230 844 an-

224 891 300 970 tiqui
324 891 461 970 partibus
485 911 540 952 seu
563 891 666 972 digitis
690 893 841 973 originem
867 895 1033 968 duxerunt,
1067 895 1149 957 baud
1173 895 1230 955 du-

223 1002 308 1070 bium
332 1003 473 1065 homines
497 1003 619 1084 septimi
644 1005 809 1087 notavique
833 1007 949 1068 saeculi
962 1025 1123 1083 romanam
1141 1023 1229 1066 men-

223 1111 323 1178 sura'm
348 1117 422 1178 satis
446 1124 554 1178 exacte
579 1117 762 1198 cognovisse
788 1139 888 1201 eaque
906 1139 979 1182 usos
994 1118 1101 1190 fuisso,
1127 1118 1153 1178 si
1176 1115 1228 1178 ilia

224 1248 321 1310 usque
345 1230 384 1292 ad
404 1215 464 1294 ‘uos
488 1229 540 1290 vix
564 1230 764 1292 mensurabili
794 1233 971 1296 discrimine
997 1239 1114 1296 mutata
1137 1231 1230 1292 levis·

224 1340 364 1423 simeque
387 1349 531 1422 corrupta
554 1342 760 1430 pertransivit.
809 1345 900 1420 Quod
915 1345 1041 1413 tactum,
1055 1345 1229 1424 bucusque

225 1463 305 1532 pene
331 1453 576 1528 inobservatum,
601 1456 722 1536 gaudeo
747 1455 820 1518 viris
839 1452 1055 1537 antiquitatum
1074 1454 1232 1526 studiosis,

225 1565 400 1628 architectis
417 1567 609 1646 praesertim,
636 1567 802 1640 subiicere,
829 1576 1044 1649 argumentum
1057 1569 1228 1638 deducens,

226 1697 288 1742 non
312 1679 418 1759 inepte
441 1699 523 1746 reor,
551 1681 590 1742 ad
607 1679 804 1766 probandum
818 1699 980 1743 romanum
999 1681 1112 1761 pedem
1133 1679 1231 1742 maxi-

223 1811 306 1855 mum
330 1792 361 1852 in
385 1811 475 1854 nsum
491 1791 591 1882 ‘fuisse
614 1793 697 1873 apud
721 1793 943 1874 Langobardos
966 1791 1117 1873 etprouul
1136 1791 1231 1858 dubio

224 1903 256 1968 in
287 1903 381 1968 rebus
404 1903 623 1967 aedificatoriis
646 1912 819 1968 ceterarum
842 1905 980 1969 omnium
1015 1921 1229 1966 mensurarum

148 2027 152 2034 '
223 2016 319 2080 multo
342 2016 479 2098 amplius·
499 2023 623 2090 notum,
659 2017 797 2098 itemque
830 2038 880 2082 me
911 2037 929 2079 a
963 2016 1101 2080 sensibili
1124 2035 1229 2078 errore

223 2130 332 2196 abesse
366 2128 523 2192 dicentem
550 2130 662 2208 pedem
691 2129 872 2210 Liutprandi
900 2130 984 2211 regis
1015 2147 1110 2192 uuum
1144 2147 1230 2191 eum·

222 2241 357 2322 dentque
380 2260 449 2307 esse
473 2261 543 2304 eum
569 2250 674 2308 vetare
697 2243 778 2323 pede
807 2262 938 2306 romano
962 2251 993 2306 et
1016 2244 1055 2306 de
1078 2242 1138 2304 hoc
1161 2241 1229 2322 ipso

222 2354 306 2435 loqui
338 2352 424 2436 leges
452 2361 582 2420 nostras.
635 2355 804 2426 Adiiciam,
841 2354 975 2418 artifices
999 2353 1231 2418 caementarios

223 2487 278 2530 seu
312 2466 528 2531 marmorarios
563 2467 645 2530 iliius
673 2467 743 2530 a'evi
774 2487 836 2529 non
867 2467 1090 2548 Langobardos
1119 2466 1226 2538 fuisse,
1299 2476 1301 2480 '

223 2579 278 2640 sed
301 2577 394 2640 ltaios
418 2597 539 2652 omnes,
571 2579 633 2642 imo
664 2580 704 2642 ab
728 2579 790 2642 oris
815 2579 896 2640 barii
919 2579 1005 2642 lacus
1028 2599 1085 2661 per
1108 2579 1230 2642 ltaliam

224 2693 353 2764 etiusos,
391 2690 468 2753 nihii
498 2712 662 2754 commuue
690 2712 760 2755 cum
792 2691 932 2754 barbaris
955 2692 1102 2756 babuisse
1126 2712 1229 2754 rerum

223 2803 530 2868 architectonicarum
558 2804 652 2885 piane
683 2783 813 2886 ignaris:
846 2815 971 2870 nostrae
1001 2807 1095 2870 etiam
1118 2806 1230 2870 aetatis

222 2917 382 2997 operarios
404 2917 545 2980 videmus
568 2926 709 2982 veterum
732 2937 945 2984 mensurarum
967 2919 1181 2982 tenacissimos
1197 2927 1228 2980 et

220 3028 341 3098 illarum
364 3031 546 3110 praesertim
570 3051 701 3112 quarum
725 3030 808 3092 domi
832 3031 963 3111 primam
987 3030 1156 3094 hauserunt
1171 3049 1227 3090 no-

221 3140 329 3206 titiam.
377 3141 504 3204 Constat
527 3143 632 3216 etiam,
659 3150 799 3206 vertente
831 3142 1024 3215 venabulo,
1059 3161 1154 3204 uuum
1178 3161 1228 3202 ro-

221 3273 346 3316 manum
369 3254 482 3334 pedem
506 3254 741 3334 praeualuisse:
774 3253 862 3339 sicuti
888 3273 962 3316 voro
986 3254 1025 3316 ab
1049 3253 1100 3316 iiia
1126 3261 1227 3315 aetate

223 3363 307 3426 nulla
329 3362 415 3428 hisce
439 3367 470 3428 in
494 3367 587 3430 rebus
610 3368 733 3430 invecta
756 3365 814 3429 tuit
838 3366 966 3429 mutatio
989 3365 1136 3450 (excepta
1152 3386 1228 3448 qua·

222 3478 293 3539 darn
315 3477 488 3542 inevitabili
511 3479 736 3564 adnuntiem),
762 3478 991 3562 liquatpedem
1008 3477 1095 3540 ilium
1118 3479 1175 3540 Vll
1198 3488 1229 3540 et

223 3590 298 3675 vlu.
322 3591 446 3652 saeculo
477 3612 567 3655 usum
598 3592 706 3674 procul
729 3589 825 3654 dubio
848 3591 1030 3660 obtinuisse,
1045 3655 1047 3660 ,
1061 3592 1228 3672 praecipue

222 3703 304 3782 apud
321 3703 413 3766 italos
436 3705 489 3786 qui
513 3705 617 3768 omnia
640 3705 680 3768 ad
704 3703 953 3772 aedificadonem
977 3705 1165 3786 pertinentia
1188 3705 1226 3766 ad

221 3814 303 3879 iliius
320 3817 415 3897 ,pedis
437 3817 589 3882 rationem
613 3817 803 3899 abantiquo
826 3825 1018 3898 aptarerant.
1070 3818 1155 3880 Nova
1179 3835 1227 3878 ar·

222 3938 366 4010 gumenta
391 3929 510 3992 videbis
535 3930 640 4005 etiarn,
666 3931 774 4004 lector,
800 3930 831 3996 iu
856 3931 960 3994 adnot.
987 3930 1026 3994 ad
1051 3929 1159 3992 harum
1183 3929 1228 3990 te-

222 4062 293 4138 gu'm
317 4049 348 4116 S.
375 4044 507 4120 CLVIII,
535 4045 664 4110 CLXIV.
