3048 5130
551 441 689 488 onacroo
709 442 776 490 ose.
790 439 817 484 st
831 431 858 470 ’-
870 438 905 484 rs.
1227 425 1270 488 65

214 597 330 664 excepto
351 591 374 648 si
396 590 422 648 ei
437 591 579 664 captivitas
600 594 734 651 evenerit.
756 595 798 652 De
820 591 997 651 cautionibus
1018 598 1111 650 aotem
1131 609 1204 666 qoac
1225 611 1271 652 us-

214 706 269 762 qoe
295 690 380 746 modo
409 690 438 746 in
461 698 590 763 presente
611 692 769 749 indictione
789 692 869 749 tertia
891 692 1063 759 factasunt,
1095 692 1167 749 iutra
1189 695 1272 767 qoin-

214 805 269 860 que
284 805 372 844 aonos
389 788 457 844 istos
471 789 652 846 advenientes
667 791 794 862 jovemos
810 797 841 846 ot
856 791 1024 847 renohintor
1038 800 1086 847 aot
1099 800 1269 862 crepantum

214 904 277 944 nana
299 887 321 943 si
344 887 509 943 distulerent
534 889 606 944 intra
637 889 765 962 quinque
785 906 875 946 annos
903 889 1041 946 devitores
1061 907 1126 947 suos
1147 893 1268 964 pulsare,

214 992 244 1040 ot
263 992 312 1042 aut
332 985 477 1042 cautiones
504 986 668 1042 renovintor
695 995 743 1043 aot
771 987 860 1044 devita
882 987 1017 1053 reddant,
1049 995 1077 1044 et
1098 990 1271 1060 neclegentia

214 1083 346 1150 feceriut,
370 1100 428 1138 nou
449 1083 570 1140 habeant
590 1086 758 1157 posmodum
779 1085 912 1156 lagundia
933 1085 993 1158 ipsa
1014 1086 1104 1143 devita
1125 1087 1272 1160 requiren-

212 1183 288 1240 dum.
328 1183 371 1238 De
392 1181 435 1237 hts
457 1188 550 1238 autem
571 1183 750 1240 cautionibus
772 1200 845 1256 quae
867 1184 968 1240 amodo
991 1183 1062 1240 lacte
1085 1184 1207 1252 luerint,
1231 1186 1271 1244 sic
1323 1207 1334 1225 .

212 1279 321 1348 finiant,
345 1278 418 1335 sicot
437 1295 521 1352 supra
542 1281 725 1352 premisemus
746 1289 774 1338 et
794 1283 950 1338 statuimus.

292 1377 372 1451 (ΙΙΙ.)
392 1379 446 1437 lo.
470 1377 499 1433 Si
518 1378 601 1434 trater
617 1378 729 1434 tratrem
750 1379 914 1451 inpeccatis
932 1379 1076 1449 occiderit,
1100 1396 1271 1456 quamquam

212 1476 264 1533 hoc
284 1477 407 1532 anterior
427 1476 543 1534 Edictos
564 1476 708 1544 contenit,
744 1483 774 1530 ot
801 1475 929 1548 proxemi
957 1486 1087 1549 parentes
1112 1479 1270 1537 homicidae

211 1574 378 1644 succedant,
408 1590 460 1630 nos
481 1574 623 1646 proximos
645 1572 742 1629 iratres
769 1574 951 1646 appellamus.
994 1574 1023 1630 Si
1054 1576 1137 1632 trater
1157 1579 1270 1635 relictos

211 1673 305 1741 luerit,
329 1672 356 1728 in
379 1688 422 1728 res
443 1671 602 1728 homicidae
625 1670 709 1727 trater
730 1671 877 1728 succedat:
900 1671 937 1726 ita
961 1678 1001 1740 ot,
1025 1675 1180 1730 secondom
1203 1693 1271 1748 qua·

211 1771 315 1827 litatem
338 1786 466 1843 persone,
490 1769 525 1826 de
546 1769 605 1841 ipsa
625 1769 778 1826 substantia
798 1768 952 1839 homicide,
975 1769 997 1825 si
1020 1770 1068 1826 ille
1089 1772 1138 1844 qui
1162 1773 1270 1831 occisus

176 1915 180 1928 .
212 1878 253 1926 est
274 1869 346 1925 filius
368 1866 521 1940 reliquerit,
545 1866 768 1940 conpositionem
790 1867 856 1924 dare
877 1868 989 1930 deveat3
1019 1868 1157 1943 reliquom
1178 1879 1271 1928 autem

211 1968 287 2040 quod
308 1966 400 2031 luerit,
424 1965 476 2022 sibi
499 1966 615 2022 habeat:
644 1974 671 2022 et
692 1966 713 2021 si
736 1966 854 2037 pecunia
875 1964 961 2038 ipsios
982 1965 1138 2028 homicidae
1159 1968 1189 2024 in
1210 1976 1271 2026 tan·

211 2073 269 2123 tom
290 2065 372 2120 luerit
392 2064 443 2120 soh
465 2065 663 2129 extimatione,
698 2071 832 2136 quantum
863 2065 921 2137 ipsa
950 2063 1106 2137 conpositio
1134 2071 1190 2136 est,
1224 2075 1271 2124 aut

211 2165 281 2221 torte
302 2163 411 2228 minos,
441 2161 563 2218 habeant
583 2153 647 2220 hum
669 2161 719 2219 tilii
740 2162 827 2234 ipsios
849 2163 896 2235 qui
919 2163 1025 2220 occisos
1047 2167 1098 2218 est.
1142 2164 1224 2232 Quod
1246 2165 1269 2222 si

211 2281 268 2320 oon
278 2260 423 2333 reliquerit
444 2259 555 2315 tratrem
570 2276 655 2315 unum
678 2261 720 2315 vel
735 2261 828 2331 plures
849 2260 891 2316 his
913 2260 960 2331 qui
978 2260 1085 2316 occisus
1105 2269 1156 2326 est,
1181 2279 1270 2334 quao-

209 2363 389 2431 tolacumque
410 2357 445 2414 sit
465 2356 617 2421 substantia
638 2357 798 2426 homicide,
833 2357 884 2414 tilii
912 2357 1000 2429 ipsius
1028 2357 1077 2429 qui
1100 2360 1207 2416 occisos
1228 2367 1270 2417 est

209 2459 238 2515 in
260 2476 291 2516 ea
305 2457 454 2514 succedere
472 2455 604 2519 deveant;
622 2454 738 2526 quodsi
754 2472 811 2510 uon
829 2454 960 2511 hahuerit
975 2455 1060 2523 tilius,
1078 2458 1197 2528 proximi
1207 2475 1270 2516 suc·

210 2557 311 2614 cedant
326 2556 352 2612 ei
367 2559 495 2627 parentes
510 2569 561 2623 per
579 2557 688 2622 gratos3
712 2553 787 2624 quod
803 2553 824 2608 si
841 2569 893 2609 occ
909 2560 1039 2624 parentes
1048 2553 1157 2611 luerent
1172 2557 1219 2630 qoi
1242 2557 1268 2614 ci

208 2655 332 2726 legitime
339 2651 489 2710 succedere
498 2656 621 2722 possent,
635 2650 818 2706 succedantei
828 2650 912 2706 curtis
921 2652 1006 2721 regia.
1024 2652 1064 2706 Dc
1075 2655 1166 2711 anima
1177 2664 1268 2713 aotem

209 2751 348 2810 homicide
356 2749 431 2806 illius
441 2748 476 2803 sit
485 2747 512 2803 in
523 2754 686 2820 potestatem
694 2749 778 2818 regis,
791 2747 896 2804 sicotiu
906 2749 1045 2806 anteriore
1051 2752 1151 2808 Edicto
1158 2754 1268 2824 legitur.

289 2847 367 2922 (titt.
388 2846 430 2903 Dc
450 2847 661 2917 nopottotnvooa
680 2847 722 2902 ool
734 2845 897 2919 moqtctros).
920 2849 978 2904 18.
1001 2848 1108 2921 Siquis
1126 2851 1268 2919 negotium

209 2947 398 3022 peragendum
413 2944 456 2999 vel
467 2959 517 3015 pro
535 2943 733 3016 qualicumque
749 2943 866 3000 artificio
884 2943 954 3000 intra
970 2946 1111 3017 provincia
1129 2949 1171 3004 vel
1192 2957 1267 3004 extra

210 3044 354 3119 provincia
375 3042 566 3108 ambulaverit,
590 3047 617 3096 et
642 3040 671 3096 in
694 3047 748 3097 tres
769 3058 859 3097 annos
880 3058 1021 3113 regressus
1043 3060 1100 3099 non
1122 3044 1217 3113 luerit,
1241 3052 1269 3100 et

209 3143 322 3200 forsitan
345 3140 489 3199 infirmitas
510 3138 535 3194 ei
557 3137 711 3212 emerserit,
735 3138 908 3209 laciatscirc
930 3156 980 3212 per
992 3140 1126 3212 judicem,
1150 3150 1197 3197 aut
1217 3158 1268 3213 per

208 3241 323 3300 missum
344 3254 440 3302 suom;
464 3236 568 3293 namsi
590 3236 644 3291 hoc
660 3235 797 3292 distulerit
810 3238 954 3305 mundare,
978 3238 1000 3294 si
1019 3239 1095 3295 tilios
1110 3239 1264 3313 reliquerit,

208 3340 330 3396 habeant
350 3353 394 3392 res
414 3333 500 3407 ipsius
520 3334 550 3390 in
571 3350 621 3390 suo
640 3334 719 3405 juree
747 3341 775 3389 et
795 3333 960 3408 cuicumque
981 3334 1065 3405 tilios,
1096 3344 1158 3408 post
1178 3343 1267 3394 trans·

208 3444 269 3494 acto
292 3434 469 3502 constitudo,
500 3432 651 3501 cautionis,
682 3432 846 3488 vinditionis
867 3441 914 3490 aot
935 3433 1131 3506 qualicumque
1153 3436 1266 3507 oblega-

209 3534 298 3592 tiones
319 3534 354 3590 de
375 3533 457 3588 rebus
479 3531 625 3604 patrissui
647 3530 790 3596 fecerent,
814 3531 941 3588 stabilem
963 3539 1140 3603 permaneat,
1170 3541 1198 3589 et
1220 3534 1267 3590 de-

208 3633 260 3689 vita
283 3630 368 3704 patris
388 3631 431 3686 vel
452 3645 500 3685 sua
521 3630 670 3699 persolvat.
713 3628 750 3684 Et
769 3627 791 3683 si
813 3628 873 3700 ipse
895 3636 990 3702 postca
1012 3646 1150 3693 recressus
1171 3631 1263 3700 luerit,

204 3731 334 3803 jobemus
355 3736 384 3784 ut
405 3744 457 3784 nec
477 3744 493 3783 a
510 3726 574 3782 filiis
590 3726 646 3782 suis
662 3725 822 3798 recipiatur,
847 3743 899 3784 occ
911 3743 955 3782 res
973 3743 1035 3784 suas
1054 3728 1083 3784 in
1100 3734 1265 3801 potestatem

208 3828 324 3892 habeat;
347 3824 465 3898 quodsi
487 3824 560 3880 filios
580 3823 666 3895 ipsius
686 3824 747 3880 sine
765 3823 871 3881 noditia
892 3826 935 3880 vel
953 3825 1078 3897 jussione
1107 3826 1179 3896 regis
1202 3841 1265 3881 eum

207 3926 377 3995 recollegcre
398 3922 607 3996 presumpserit,
630 3937 726 3979 omnes
740 3939 785 3978 res
800 3922 937 3994 ipsorum,
961 3930 989 3978 et
1002 3923 1087 3993 patris
1100 3924 1263 3993 substantia,

208 4025 243 4080 ad
264 4030 370 4081 curtem
391 4021 468 4092 regia
489 4021 676 4079 devolvantur.
717 4021 753 4076 Et
774 4021 796 4076 si
818 4020 891 4078 filios
912 4036 970 4076 noo
992 4020 1138 4090 habuerit,
1169 4028 1198 4076 et
1217 4021 1266 4078 ha·

208 4121 298 4178 buerit
318 4120 429 4186 tratres,
459 4118 518 4191 ipsi·
533 4136 577 4175 res
599 4119 657 4191 ejus
679 4119 817 4182 habeaot;
840 4125 867 4174 et
888 4117 911 4173 si
932 4135 985 4174 nec
1006 4115 1097 4174 fratris
1116 4116 1262 4185 habueret,

208 4219 329 4276 habeant
340 4216 459 4290 proximi
479 4224 626 4289 parentes3
650 4222 676 4272 et
698 4216 720 4272 si
743 4233 795 4272 nec
812 4217 934 4289 parentis
950 4214 1070 4289 proximi
1086 4217 1266 4272 nonloerent

209 4317 256 4390 qoi
278 4317 303 4373 ei
325 4314 434 4386 legibus
450 4316 598 4372 succedere
610 4321 734 4386 possent,
757 4314 973 4386 postpredictos
995 4319 1049 4368 tres
1070 4329 1159 4370 annos
1181 4313 1264 4371 cortis

208 4415 300 4492 regiae
322 4412 478 4470 succedant.
502 4412 585 4482 Quod
606 4411 629 4467 si
645 4411 773 4471 hahuerit
793 4427 917 4476 osorem,
941 4417 969 4466 ct
990 4409 1063 4468 intra
1076 4412 1263 4487 suprascripto

841 4504 843 4510 '
1033 4505 1052 4563 5
