3022 5144
256 552 318 616 tto
674 573 785 617 meurs
808 572 900 618 mors
996 629 998 638 y

332 719 411 796 (tlt.)
433 723 470 780 8.
498 722 535 778 Et
556 721 609 778 hoc
629 723 774 792 volumus,
797 731 828 780 ut
849 725 942 781 nullus
962 724 1048 781 homo
1070 732 1210 796 presumat
1231 741 1314 782 causa

252 823 366 880 alterius
386 822 422 880 ad
442 822 834 895 dicendumsupprelseudere
854 830 902 880 aut
915 840 1039 893 causare,
1062 823 1116 880 nisi
1137 840 1201 880 cum
1215 823 1315 880 notitia

252 922 288 978 de
305 921 400 993 judice
420 937 486 990 suo,
516 937 599 977 musa
619 921 654 976 de
675 920 757 978 vidua
776 928 825 978 aut
844 923 880 978 de
902 922 1029 994 orphano
1050 923 1213 982 dicendum.
1243 924 1315 980 Nam

252 1022 318 1093 qai,
340 1027 371 1078 nt
393 1020 533 1086 diximus,
566 1022 602 1077 de
628 1021 785 1076 conliberto
814 1036 864 1076 suo
886 1036 997 1076 causam
1018 1020 1246 1092 supprehendere
1267 1029 1315 1078 aut

252 1140 366 1180 causare
386 1118 595 1195 presumpserit,
618 1125 761 1190 conponat
781 1117 920 1188 widrigild
940 1134 1032 1186 suum,
1055 1119 1234 1176 medietatem
1254 1120 1313 1190 regi

252 1229 280 1277 et
306 1220 483 1278 medictatem
508 1216 596 1289 judici
622 1233 690 1280 suo;
722 1224 751 1273 et
775 1216 798 1272 si
822 1216 910 1288 judex
932 1216 980 1288 qui
1003 1215 1104 1282 luerit,
1137 1224 1202 1272 ante
1229 1233 1314 1289 quem

251 1335 334 1374 causa
354 1318 520 1377 altercatur,
544 1314 598 1369 hoc
619 1315 680 1370 lieri
701 1314 860 1386 permiserit
881 1321 928 1370 aut
947 1315 1140 1379 consenserit,
1170 1321 1314 1388 conponat

251 1416 311 1486 regi
333 1413 474 1485 widrigild
494 1429 585 1468 suum.

294 1561 296 1566 .
333 1509 430 1585 (llll.)
463 1514 501 1568 Δ.
533 1510 568 1566 Et
589 1510 642 1567 hoc
669 1509 795 1564 volumus
820 1515 849 1564 et
868 1507 1030 1577 statuimus,
1063 1516 1094 1565 ut
1121 1509 1313 1582 uuusquisque

251 1609 423 1680 erimannus,
440 1609 553 1682 quando
565 1624 629 1664 cum
644 1605 740 1679 judice
753 1623 804 1662 suo
822 1605 1036 1676 caballicaverit,
1059 1609 1251 1681 uuusquisque
1262 1625 1313 1681 per

252 1708 433 1781 semetipsum
447 1707 549 1764 debeat
568 1713 678 1778 portare
699 1701 852 1761 scutum'et
869 1705 1005 1774 lanceam,
1029 1712 1058 1761 et
1078 1705 1118 1762 sic
1136 1713 1199 1779 post
1219 1707 1312 1779 ipsum

251 1807 418 1873 caballicct;
439 1814 467 1863 et
486 1806 509 1861 si
530 1805 564 1861 ad
580 1803 714 1875 palatium
732 1819 794 1858 cum
806 1802 931 1875 judicem
947 1819 1029 1858 suum
1045 1804 1162 1874 venerit,
1185 1804 1313 1862 similiter

251 1903 343 1963 iaciat.
364 1907 427 1962 Hoc
449 1909 542 1960 autem
562 1902 765 1957 ideovolumns
784 1907 815 1956 ut
835 1899 897 1956 fieri
912 1899 1023 1970 debeat,
1047 1901 1111 1973 quia
1128 1902 1252 1959 incertus
1271 1911 1313 1960 est

252 2003 337 2058 homo
365 2003 434 2076 quid
467 2001 492 2056 ei
514 1999 709 2072 superveniat,
739 2003 787 2053 aut
807 1999 919 2070 qualem
940 1983 1103 2055 mauditum
1123 2001 1255 2074 suscipiat
1276 2002 1311 2058 de

252 2117 315 2170 nos,
338 2108 386 2157 aut
406 2101 441 2156 de
462 2107 535 2154 terra
555 2098 634 2154 istius
655 2097 702 2153 ubi
722 2103 891 2169 oportunum
913 2096 1185 2157 lueritcaballicare.
1207 2099 1236 2154 Si
1249 2100 1312 2172 quis
1402 2090 1406 2093 ’
1500 2095 1501 2106 ’

251 2215 315 2254 vero
337 2198 419 2255 aliter
437 2198 527 2253 tacere
548 2195 766 2269 presumpserit,
798 2202 941 2268 conponat
967 2196 1054 2268 judici
1075 2213 1126 2252 suo
1147 2197 1252 2254 solidos
1272 2198 1312 2254 ri·

251 2296 338 2366 ginti3
362 2303 391 2351 et
406 2296 494 2367 J'udex
514 2294 581 2360 ille,
614 2295 691 2366 cujus
712 2293 873 2349 erimannus
893 2293 948 2349 hoc
975 2293 1113 2350 distulerit
1133 2295 1258 2368 inplere,
1287 2296 1310 2352 si

252 2408 308 2448 non
331 2392 522 2462 distrinxerit,
544 2391 615 2448 sicut
635 2408 718 2464 supra
740 2390 881 2460 diximus,
904 2399 1048 2462 conponat
1068 2392 1209 2464 widrigild
1230 2410 1310 2450 suum

249 2490 433 2561 inpalatium
453 2491 536 2561 regis.
574 2491 616 2546 Ile
638 2491 772 2546 terratura
793 2490 907 2562 quidem
928 2496 957 2545 et
976 2489 1059 2545 aliam
1079 2500 1247 2548 armaturam
1268 2492 1309 2548 vel

249 2587 371 2643 caballos
391 2588 429 2644 ita
449 2589 551 2644 debeat
571 2588 663 2644 omnis
681 2589 767 2661 juder
783 2588 945 2644 arimannos
960 2603 1024 2642 suos
1040 2588 1216 2661 distringere,
1239 2589 1311 2646 sicut

245 2685 303 2756 jam
324 2701 374 2758 per
394 2687 564 2744 anteriorem
585 2694 709 2745 nostram
727 2689 883 2761 jussionem
904 2689 1090 2761 precepimus.

709 2821 849 2863 nxrulctr.

494 3021 627 3091 (Kalendts
652 3026 766 3084 marttta,
798 3037 866 3074 anuo
890 3023 1069 3092 cccxcvii

717 3129 845 3182 rnorem
1073 3101 1096 3114 ”

530 3237 707 3300 EDICTUM
730 3237 872 3300 thflts
896 3237 1022 3304 REGIS.

313 3364 479 3438 „cumsrt
495 3364 618 3423 JHESU
636 3373 664 3420 ct
685 3363 886 3422 salvatoris
905 3367 1025 3420 nostri
1044 3367 1159 3424 adsidue
1173 3384 1222 3424 nos
1243 3384 1306 3424 con·

247 3465 321 3519 uenit
338 3472 462 3536 precepta
482 3466 612 3536 conplere,
636 3466 710 3535 cujus
724 3465 900 3534 procidentia
920 3465 958 3518 cd
968 3466 1108 3535 regiminis
1124 3467 1226 3522 eulmen
1242 3483 1305 3536 per-

247 3565 377 3619 venimus.
406 3563 495 3634 ipsius
515 3566 667 3620 ausiliante
687 3564 890 3629 misericordia,
923 3579 955 3617 ea
975 3579 1026 3632 qne
1044 3566 1118 3635 penti
1137 3565 1214 3620 nobis
1234 3581 1305 3620 com-

247 3655 345 3717 missae
364 3663 536 3730 conveniunt,
558 3665 627 3716 idest
644 3662 788 3716 catholicae
809 3668 833 3716 et
851 3659 909 3714 Deo
926 3661 1037 3718 dilectae
1051 3660 1303 3734 langobardorum,

247 3763 391 3816 statuenda
408 3761 584 3830 previdimus.
608 3757 697 3826 Quum
711 3760 920 3830 pluriosissinans
940 3775 973 3813 ac
990 3761 1120 3829 precelsus
1136 3760 1306 3817 Rutdorit

246 3874 310 3927 ren,
340 3859 524 3929 trajicientis
545 3855 930 3928 Langobardorumprinces‚
959 3859 1055 3914 diuino
1075 3857 1128 3912 sibi
1148 3859 1240 3929 gratia
1259 3860 1304 3914 in-

246 3957 384 4026 spirante,
416 3957 485 4027 lepos
504 3957 619 4011 inscruit
639 3962 720 4026 atque
739 3957 900 4024 innovavit,
934 3963 963 4011 ut
990 3973 1079 4042 omnes
1099 3957 1260 4013 intentiones
1281 3964 1305 4012 et

247 4055 425 4109 dissensiones
445 4052 578 4109 indorum
598 4054 737 4108 lominum
755 4053 877 4123 aepulari
890 4054 998 4124 indicio
1021 4061 1168 4110 resecaret:
1197 4057 1304 4126 quidem

245 4159 269 4207 et
289 4154 400 4220 statuit,
424 4159 453 4207 ut
474 4154 563 4208 cuncti
583 4165 743 4206 successores
764 4151 820 4221 nas
841 4167 910 4220 que,
933 4153 986 4207 sibi
1005 4150 1093 4206 Deum
1112 4151 1300 4223 inspirantem,

245 4265 342 4319 aspera
363 4256 387 4304 et
408 4251 480 4305 dura
501 4255 677 4322 copnosceret,
700 4249 741 4303 illi
762 4249 800 4302 ad
819 4249 958 4304 mollitiem
978 4255 1002 4304 et
1019 4250 1130 4319 pictatis
1148 4252 1304 4320 perduceret

245 4349 372 4416 gratiana.
388 4345 494 4402 Deinde
507 4363 640 4404 successor
661 4347 716 4417 ejus
733 4343 956 4402 Grinaowold
973 4347 1221 4417 precellentissimus
1240 4363 1300 4416 rea,

246 4444 310 4499 dnm
330 4445 448 4501 studiose
467 4453 547 4515 atque
566 4445 712 4516 vigilanter
732 4443 901 4514 ungulorum
921 4445 1103 4501 carnideroret
1122 4447 1300 4516 neceraitotes,

245 4553 276 4594 ea
297 4555 367 4611 quas
385 4538 430 4598 itti
447 4543 537 4600 rainae
556 4549 629 4600 recto
649 4555 703 4598 esse
723 4541 866 4616 emeruit
894 4542 932 4599 od
961 4541 1096 4598 meliorem
1122 4548 1221 4600 natura
1241 4557 1301 4599 aor-
