3048 5130
265 575 309 638 7⁰
632 591 818 636 usurnnauur
841 591 931 636 neers

263 745 427 800 amariorem
446 740 543 798 Edicto
564 743 742 798 ceuduuuuta
761 757 817 796 uon
838 747 891 806 ert,
923 742 1081 812 υὸίουνηᾳυσ
1108 743 1219 796 inorata
1238 740 1321 807 sumit

263 843 298 896 ait
318 838 419 896 cudda
437 840 546 909 palatii,
569 846 593 894 et
611 839 663 908 filit
683 839 738 910 dus
758 839 829 892 suoi
848 841 930 910 repis.
1197 908 1201 928 ἢ

343 951 416 1027 (nt.)
438 955 502 1012 w.
525 953 555 1010 Si
577 969 631 1026 qua
651 952 753 1009 mulier
772 968 816 1008 res
837 969 900 1010 suas
920 953 1080 1010 venundare
1101 951 1234 1022 voluerit,
1263 967 1320 1006 non

264 1051 416 1120 absconse,
446 1051 498 1107 nisi
529 1051 558 1106 in
580 1049 719 1122 presentia
749 1051 883 1122 principis
904 1059 950 1108 aut
972 1051 1073 1123 judicis
1100 1052 1142 1108 vel
1170 1049 1318 1113 sculdahis,

262 1167 312 1206 seu
333 1150 388 1206 duo
410 1155 457 1206 aut
476 1155 531 1204 tres
551 1155 680 1220 parentes
700 1164 765 1204 susos
786 1165 883 1208 secum
907 1133 1047 1217 habeant,
1079 1156 1107 1205 et
1134 1147 1173 1204 sie
1197 1147 1321 1220 judicem

264 1253 355 1319 roget,
373 1247 444 1326 quie
464 1247 602 1302 ltermcae
615 1247 812 1309 ootomudercr
835 1251 863 1300 et
883 1244 934 1318 ipsi
958 1252 1085 1317 parentes
1105 1246 1133 1301 in
1155 1245 1242 1318 ipsam
1262 1245 1322 1301 vin·
1393 1279 1399 1324 :

265 1345 401 1402 ditionem
420 1359 533 1400 manum
554 1350 680 1415 ponant,
710 1350 737 1398 et
762 1339 821 1416 ipse
848 1360 877 1399 se
906 1343 1080 1401 vinditriccm
1107 1342 1205 1413 lecim,
1235 1342 1323 1400 sicet

263 1441 417 1500 mundoald
437 1439 463 1497 ei
484 1440 652 1509 consentiat,
675 1447 703 1496 et
724 1439 800 1512 quod
822 1439 978 1497 vendiderit
997 1437 1127 1498 stabilem
1147 1440 1191 1497 sit.
1224 1440 1322 1497 Scriba

265 1547 358 1596 autern
388 1538 436 1611 qui
458 1539 561 1595 cartula
591 1537 652 1612 ipsa
671 1538 813 1610 scripserit
842 1554 899 1594 non
922 1539 1001 1595 aliter
1030 1546 1169 1610 presumat
1188 1538 1320 1606 seribere,

266 1637 319 1695 nisi
346 1653 408 1694 oum
438 1636 536 1693 notitia
558 1643 705 1709 parentum
726 1643 773 1692 aut
798 1636 900 1708 judicis
921 1636 968 1710 qni
990 1636 1018 1693 iu
1040 1638 1102 1692 loce
1125 1636 1224 1702 luerit'3
1252 1644 1280 1691 et
1299 1636 1321 1691 si

265 1735 346 1792 aliter
365 1735 472 1803 lecerit,
495 1734 555 1806 ipsa
577 1734 700 1789 venditio
722 1749 805 1790 saeua
826 1735 877 1803 sit,
913 1739 941 1790 et
960 1736 1082 1807 prelatus
1101 1734 1189 1791 scriba
1211 1733 1246 1789 sit
1266 1735 1324 1790 eul-

264 1834 362 1906 parilis
382 1833 453 1889 sicut
472 1831 521 1905 qui
537 1829 647 1888 'cadula
667 1830 734 1886 ialsa
754 1831 874 1902 scripsit,
895 1831 966 1888 sieut
987 1847 1077 1903 supra.

608 1979 737 2019 urticis
758 1981 795 2019 nn
818 1979 891 2020 ANNO
912 1979 983 2022 Vllll.

542 2164 670 2217 inurere
687 2167 732 2216 ne
751 2165 846 2218 auno
866 2127 1044 2218 enunciare

513 2289 645 2354 (Kalendis
671 2293 784 2350 merdis,
811 2302 878 2340 enno
897 2290 1076 2354 nccxxnl.)

591 2399 785 2476 vouunnn
808 2414 995 2489 Qurnrun.

345 2555 482 2625 Quoniam
497 2559 605 2628 quidem
620 2559 742 2628 superius
761 2559 792 2613 in
807 2558 854 2612 tec
870 2556 963 2613 Edicto·
978 2573 1087 2629 corpore
1104 2572 1145 2624 ec,
1164 2573 1233 2627 quae
1246 2558 1323 2612 uadis

264 2664 288 2713 et
308 2657 407 2712 uostris
421 2655 560 2726 judicibus
579 2655 621 2710 uel
641 2657 733 2710 ceteris
752 2654 942 2726 Laupotardis
963 2672 1082 2727 commun
1100 2647 1267 2726 paruerunt,
1291 2657 1322 2710 iu

263 2761 391 2826 quattuor
409 2753 589 2809 voluminibus
609 2753 757 2823 adjuuperc
778 2755 948 2809 curavimus:
972 2761 995 2808 et
1016 2770 1089 2809 uuuc
1115 2755 1139 2807 si
1159 2754 1256 2822 aliquit
1272 2770 1322 2823 pre

263 2853 350 2924 pentir
369 2856 460 2906 nostre
479 2850 629 2905 saluatione
648 2851 737 2906 adduc
759 2851 865 2904 adicere
882 2868 1032 2921 pessumus,
1056 2852 1191 2907 credemus
1210 2867 1262 2920 pre
1282 2852 1323 2906 lris

263 2943 671 3018 numerumnunerum,
701 2955 725 3003 et
744 2934 946 3003 retributionem
965 2954 1102 3003 aeternam
1132 2949 1166 3002 ud
1187 2951 1245 3019 ipse
1265 2946 1322 3003 Do-

263 3049 338 3103 mine
358 3043 453 3102 Just]
471 3041 627 3102 suntsed
647 3045 821 3101 nihilomiuus
839 3047 997 3116 praenasci.
1020 3041 1095 3117 Erpa
1114 3047 1144 3100 iu
1162 3046 1215 3100 Dei
1236 3047 1322 3100 muni-

262 3145 378 3217 pateutis
396 3143 505 3199 nemim
524 3159 571 3214 eae
591 3144 639 3214 qui
659 3158 742 3214 supra
758 3143 963 3214 Liutpraud
982 3144 1068 3214 pentir
1080 3143 1323 3214 Lampeiarderum

264 3260 323 3311 rea,
346 3259 419 3297 anuo
439 3243 518 3314 requi
537 3243 600 3310 mei,
622 3240 680 3296 Deo
699 3245 868 3312 protegente,
898 3243 1051 3306 undecimo,
1083 3243 1127 3296 die
1146 3241 1323 3296 teleudurum

264 3321 615 3406 martiarum,imdictieme
635 3344 729 3403 seete,
765 3338 813 3395 lroc
833 3341 931 3394 iterum
950 3341 981 3394 iu
1001 3341 1094 3409 quinto
1115 3339 1250 3395 volumine
1269 3341 1321 3395 od-

260 3439 375 3509 iuupere
395 3438 558 3503 curavimus,
579 3436 611 3490 id
632 3442 669 3490 est

346 3566 433 3642 (Kar.
457 3567 575 3642 primo.)
598 3570 665 3626 30.
688 3568 729 3624 lle
749 3566 792 3623 his
814 3547 923 3626 leminis
939 3584 1009 3640 quae
1024 3570 1149 3626 velamen
1167 3575 1260 3625 sancte
1281 3586 1323 3625 re-

265 3666 378 3739 ligionis
399 3665 563 3737 suscipiunt,
587 3672 634 3722 aut
654 3682 724 3738 quae
745 3683 760 3722 a
784 3666 944 3739 parentibus
964 3667 1019 3723 suis
1034 3667 1095 3724 Dee
1117 3668 1254 3736 vovintur,
1276 3675 1323 3724 aut

265 3765 325 3838 ipse
346 3781 375 3820 se
395 3766 509 3834 elegunt
529 3763 673 3834 religionis
695 3764 808 3834 habitu,
838 3772 886 3822 aut
905 3773 1008 3822 vestem
1029 3766 1185 3837 monastiga
1206 3767 1322 3823 induere

266 3864 401 3922 vedentur
421 3877 592 3934 quamquam
612 3879 628 3918 a
649 3862 793 3918 sacerdote
814 3870 975 3934 consegrate
998 3880 1055 3918 rron
1077 3866 1149 3933 sint,
1180 3866 1219 3922 sie
1241 3867 1321 3923 nobis

244 3963 368 4037 ¹justum
387 3961 479 4034 paruit
497 3976 557 4016 esse
579 3975 628 4032 pro
644 3959 696 4016 Dei
714 3941 818 4024 amore,
843 3967 873 4016 ut
893 3960 923 4016 in
945 3961 1005 4033 ipso
1028 3961 1122 4018 habitu
1144 3962 1171 4018 in
1192 3964 1321 4020 omnibus

265 4067 458 4136 perseverent,
491 4075 542 4142 nec
574 4058 611 4114 sit
631 4059 770 4117 excusatio
802 4059 867 4114 mali
889 4059 1046 4116 hominibus
1072 4060 1212 4133 dicendo,
1245 4061 1321 4134 qued
1425 4039 1427 4050 ¹

266 4166 371 4218 sacrate
393 4175 450 4217 non
471 4164 545 4229 sunt,
568 4156 632 4216 ideo
653 4156 676 4213 si
698 4157 863 4228 copolentur
884 4159 964 4229 culpa
987 4174 1045 4214 non
1067 4157 1187 4224 habent;
1210 4159 1268 4228 sed,
1293 4165 1322 4214 ut
1391 4213 1393 4218 .

267 4275 349 4332 supra
369 4257 562 4330 premisemus,
585 4273 656 4330 quae
680 4257 761 4312 talem
782 4253 893 4325 signum
914 4271 1063 4328 superse,
1085 4257 1114 4312 id
1135 4265 1177 4314 est
1196 4258 1320 4314 velamen

240 4361 242 4364 ’
268 4362 296 4412 et
322 4364 396 4413 veste
417 4363 511 4414 sancte
531 4355 584 4412 Dei
607 4353 768 4412 Genetrices
788 4353 949 4425 Mnutnn,
982 4371 1158 4428 quocumque
1185 4354 1268 4426 genio
1290 4355 1319 4412 in

268 4471 298 4512 se
319 4454 490 4528 suscipiunt,
513 4460 541 4511 et
560 4434 657 4528 postea
677 4453 713 4508 ad
732 4454 900 4510 saecularem
921 4441 1004 4510 vitam
1025 4453 1067 4508 vel
1089 4452 1183 4510 habitu
1204 4453 1320 4512 transire

269 4552 419 4610 nullatinus
448 4557 596 4624 presumat.
638 4551 710 4621 Quia
741 4551 917 4609 considerare
945 4549 1020 4606 devit
1040 4567 1136 4606 emeres
1162 4550 1318 4618 cristianus,
