3022 5144
450 1114 663 1188 leotari
690 1105 936 1190 benevolo
962 1117 1015 1190 S.

213 1499 217 1508 '
336 1491 436 1580 Eques
465 1492 593 1559 Carolus
620 1488 767 1562 Baudius
806 1515 827 1558 a
859 1493 975 1568 Vosme,
1018 1493 1122 1583 Requi
1152 1493 1233 1561 Sar-

229 1622 337 1689 diniae
369 1622 518 1698 Senator,
560 1624 610 1689 air
649 1623 895 1698 eruditissimus,
930 1624 1030 1716 socius
1072 1624 1232 1691 literarum

231 1753 409 1820 academiae
446 1773 525 1840 quae
559 1753 717 1840 Auyustae
747 1751 958 1820 Taurinorum
982 1753 1087 1843 floret,
1123 1773 1235 1842 regum

229 1883 512 1972 Langobardorum
543 1883 645 1972 lenum
678 1881 797 1959 editor,
837 1865 1091 1952 commentorium
1126 1881 1236 1970 equitis

229 2013 335 2080 Caroli
371 2013 494 2080 Promo
535 2015 570 2080 in
597 2013 691 2102 legem
718 2012 866 2080 Rotbacis
894 2014 931 2080 de
962 2012 1164 2080 structoribus
1197 2035 1236 2080 es

229 2157 313 2210 tomo
346 2155 618 2214 monumentorum
648 2143 796 2211 historiae
823 2143 953 2232 patriae
985 2141 1089 2232 Requi
1120 2141 1235 2210 Sardi-

235 2274 308 2340 niae
330 2272 515 2362 publicavit.
573 2272 672 2354 Quem
699 2273 848 2350 libellum,
878 2274 935 2361 qui
960 2275 1055 2350 docet,
1084 2273 1236 2361 quoncodo

228 2417 358 2481 netues,
404 2417 496 2493 atque
523 2405 616 2472 etiam
653 2405 764 2494 optimi
795 2404 866 2470 aeni
899 2402 1056 2470 architecti
1085 2425 1164 2471 uasa
1203 2404 1237 2470 in

232 2556 321 2626 opere
345 2535 501 2627 fornicato
529 2557 624 2622 acque
651 2556 688 2600 ac
715 2534 750 2600 in
777 2533 876 2600 muris
897 2532 1112 2610 adhibuerint,
1142 2555 1238 2621 quum

228 2665 417 2732 rarissimus
452 2665 614 2740 obveniat,
654 2664 755 2731 denuo
783 2663 935 2730 edendum
963 2651 1091 2740 curavi,
1129 2663 1239 2731 habita

234 2795 357 2862 ratione
384 2796 605 2863 correctionum
630 2796 790 2886 factarum
818 2815 838 2860 o
865 2793 947 2862 dicto
967 2793 1069 2860 Vcsme
1090 2794 1124 2861 in
1144 2793 1236 2872 libro,

231 2923 319 3016 cujus
365 2924 471 2992 titulus
518 2939 558 2992 est
605 2922 713 3002 „debl'
760 2921 935 2992 edizione
978 2923 1075 2990 delle
1136 2923 1242 3014 teayi

230 3055 552 3145 Lonoobardicbe
586 3056 628 3122 ed
665 3054 963 3122 asservationie
989 3053 1237 3130 sciarimenti‚

236 3187 372 3256 Torino
412 3186 512 3252 1847
525 3195 559 3262 ‚“
612 3207 737 3273 unaque
778 3184 896 3252 adde'tis
932 3182 1014 3249 notis
1060 3182 1173 3250 criticis
1212 3196 1240 3249 et

231 3319 332 3387 uariis
358 3317 539 3385 lectionibus
566 3338 645 3405 quas
672 3316 754 3383 idem
781 3327 889 3382 auctor
916 3313 988 3381 dun
1015 3311 1144 3402 collegit.

339 3511 469 3579 Dabam
492 3510 699 3579 Vratisbauiae
727 3509 852 3580 Cabeud.
876 3508 994 3599 Aprilis
1011 3505 1239 3576 Mbcccml.

934 3879 1185 3968 Neiqebauer.
