3048 5130
254 451 297 513 26
646 467 801 514 nonnanis
825 467 916 514 annis

333 619 413 678 181.
435 615 488 692 (De
506 617 644 694 nuptiis)¹
660 618 690 676 Si
710 624 790 693 peter
809 619 896 676 tiliam
917 633 996 675 snam
1016 623 1065 675 aut
1084 617 1168 674 irater
1187 632 1312 674 sororem

252 716 410 787 legetimam
433 714 479 772 alii
501 717 535 772 ad
557 715 688 772 maritum
710 716 837 786 dederit,
868 716 898 772 in
931 716 984 771 hoc
1005 715 1058 772 sibi
1088 716 1123 772 sit
1151 721 1311 786 contempto

253 815 288 870 de
309 813 379 886 patri
400 814 442 869 vel
466 814 501 870 de
522 814 600 870 matri
621 814 786 879 substantia,
810 821 948 887 quantum
969 814 993 870 ei
1012 820 1090 886 pater
1109 817 1158 869 aut
1177 811 1262 868 irater
1280 810 1310 866 in

251 911 314 968 diae
335 911 492 968 traditionis
514 912 675 983 nuptiarum
696 911 815 980 dederit,
839 928 904 968 nam
925 911 1045 984 amplius
1065 927 1122 968 nnn
1144 909 1311 981 requiratur.

331 1011 414 1068 188.
437 1007 490 1082 (De
508 1011 631 1077 cidnum,
654 1011 760 1080 pnelnn
781 1011 876 1065 lolem
896 1006 1056 1083 licentiam.)
1090 1007 1119 1064 Si
1141 1007 1204 1080 quis
1224 1006 1311 1062 filiam

252 1123 330 1163 snam
357 1113 405 1162 aut
430 1107 553 1178 qualerit
572 1113 716 1178 parentem
739 1107 768 1162 in
791 1107 924 1179 conjugio
945 1106 991 1162 alii
1010 1107 1137 1175 dederit,
1169 1113 1196 1162 et
1217 1111 1312 1160 conte-

252 1206 324 1276 gerit
344 1220 424 1260 casus
446 1212 476 1260 ut
488 1205 533 1261 ilie
551 1205 666 1262 maritus
676 1204 823 1274 moriatur,
842 1211 1008 1277 potestatem
1026 1205 1125 1261 habeat
1145 1203 1192 1260 iila
1210 1203 1309 1269 rodua,

251 1303 274 1360 si
296 1303 425 1368 voluerit,
450 1302 485 1358 ad
501 1301 586 1358 alium
603 1302 733 1358 maritum
744 1302 915 1372 ambulandi,
939 1302 1028 1359 libero
1039 1308 1141 1360 tamen.
1164 1300 1312 1358 Secundus

252 1379 345 1455 autern
366 1399 491 1464 maritus,
515 1399 564 1472 qui
586 1416 647 1455 eam
669 1401 767 1456 tollere
789 1400 928 1472 disponit,
951 1399 986 1456 de
1008 1399 1066 1456 suis
1087 1398 1207 1472 propriis
1227 1398 1312 1454 rehns

252 1497 429 1552 medictatem
451 1497 541 1569 pretii,
565 1504 702 1569 quantum
724 1497 829 1553 dictum
851 1504 893 1553 est
913 1497 1028 1570 quando
1050 1497 1232 1569 comprimus
1254 1513 1312 1552 ma-

251 1594 321 1650 ritus
341 1594 500 1666 sponsavit,
535 1610 585 1666 pro
608 1593 666 1666 ipse
688 1601 761 1654 meta
783 1595 849 1650 dare
871 1595 969 1651 deveat
997 1593 1023 1650 ei
1044 1595 1093 1667 qui
1115 1593 1226 1650 heredis
1246 1609 1312 1665 pro-

251 1690 343 1748 ximus
364 1691 455 1748 mariti
475 1689 563 1764 priori
585 1707 644 1748 esse
665 1691 816 1749 invenitur.
849 1692 885 1748 Et
905 1692 1074 1756 sinoluerit
1095 1707 1238 1763 accepere,
1263 1690 1312 1748 ha-

252 1788 316 1844 beat
336 1788 396 1860 ipsa
417 1787 518 1846 mulier
535 1789 709 1861 morgincap,
732 1796 761 1845 et
781 1789 859 1861 quod
880 1788 915 1844 de
929 1797 1058 1862 parentes
1074 1789 1201 1857 adduxit,
1223 1787 1252 1844 id
1272 1794 1314 1843 est

253 1885 380 1945 iaderfio.
423 1885 550 1942 Parentis
579 1902 644 1941 vero
673 1886 733 1958 ejus
763 1893 926 1958 potestatem
947 1887 1067 1943 habeant
1086 1900 1147 1944 eam
1168 1883 1254 1940 dandi
1276 1884 1312 1940 ad

254 1983 339 2040 alium
361 1983 504 2052 maritum,
529 1983 576 2038 uhi
598 1983 650 2054 ipsi
672 1990 700 2039 et
721 1983 766 2038 illa
781 1984 942 2047 noluerent3
965 1990 994 2040 et
1004 1983 1153 2039 mundium
1174 1982 1234 2053 ejus
1255 1981 1312 2053 pri-

253 2080 309 2137 oris
331 2082 421 2138 mariti
441 2088 571 2153 parentes
593 2097 650 2135 non
672 2080 803 2150 habeant,
826 2097 876 2153 pro
899 2097 932 2136 eo
954 2079 1031 2153 quod
1053 2080 1079 2137 ei
1101 2081 1312 2150 denegaverunt

253 2181 423 2236 volontatem
444 2194 540 2234 suam:
571 2177 634 2233 ideo
656 2179 752 2234 redeat
772 2179 920 2234 mundium
947 2179 1007 2252 ejus
1027 2178 1062 2235 ad
1084 2178 1227 2250 proximus
1247 2194 1311 2250 pnr-

251 2284 340 2346 entes,
364 2275 413 2349 qui
434 2275 512 2349 prius
533 2292 595 2333 eam
615 2276 651 2330 ad
672 2277 802 2332 maritum
823 2277 982 2341 dederunt;
1011 2277 1080 2333 etsi
1102 2274 1226 2350 parentis
1253 2293 1309 2331 non

246 2374 352 2432 fuerint
372 2374 506 2446 legetimi,
531 2380 598 2430 ωηο
625 2375 758 2431 mundius
780 2376 827 2431 ille
848 2375 883 2432 ad
906 2376 991 2432 curtis
1011 2375 1070 2446 regi
1091 2381 1244 2448 perteneat.
1274 2376 1312 2430 Et

249 2472 272 2530 si
299 2471 360 2528 talis
381 2472 466 2529 luerit
486 2472 606 2538 mulier,
641 2489 713 2545 quae
740 2473 872 2529 maritum
900 2491 957 2529 non
978 2475 1048 2530 velie
1069 2482 1118 2530 aut
1139 2491 1195 2528 non
1221 2473 1311 2546 possit

250 2570 370 2636 habere,
403 2570 439 2626 sit
459 2571 488 2626 in
509 2577 674 2642 potestatem
696 2571 782 2640 illius,
805 2572 838 2627 ad
861 2585 945 2644 quem
958 2572 1091 2629 mundius
1112 2573 1147 2628 de
1168 2589 1229 2628 eam
1246 2590 1310 2646 per·

248 2667 335 2724 teuit:
358 2673 386 2723 et
407 2666 429 2723 si
452 2667 504 2740 ipsi
526 2684 587 2724 eam
608 2670 679 2724 male
701 2669 829 2726 habuerit
850 2677 898 2726 aut
918 2671 1091 2740 tractaverit,
1115 2679 1143 2726 et
1163 2679 1306 2743 protatur,

248 2771 316 2822 ωηο
336 2766 425 2821 laceat
446 2779 507 2822 eam
529 2765 563 2821 ad
591 2765 713 2838 parentis
740 2782 806 2822 suos
835 2767 954 2832 reverti;
987 2775 1015 2824 et
1044 2768 1067 2824 si
1098 2768 1221 2839 parentis
1250 2785 1308 2824 uon

249 2862 389 2930 habuerit,
412 2868 479 2918 ωηο
500 2862 534 2919 ad
554 2863 639 2919 curtis
661 2862 734 2933 regis
755 2863 854 2919 habeat
870 2863 1021 2934 retugium,
1044 2872 1072 2921 et
1087 2867 1236 2922 mundium
1249 2868 1308 2939 ejus

246 2959 330 3017 sitin
352 2965 514 3031 potestatem
536 2958 619 3030 regis.

328 3059 412 3117 188.
434 3055 486 3129 (De
501 3060 648 3114 molitione
665 3058 769 3128 puellae
783 3065 830 3113 unt
846 3054 989 3132 mulieris)
1010 3057 1040 3113 Si
1051 3059 1114 3131 quis
1128 3073 1179 3138 pro
1190 3059 1308 3117 liberam

249 3157 398 3212 mulierem
419 3161 468 3210 aut
488 3156 611 3228 pueliam
632 3155 748 3211 mundio
770 3155 894 3221 dederit,
918 3163 945 3212 et
966 3156 1097 3212 convenit
1117 3167 1148 3213 ut
1169 3157 1195 3214 ei
1217 3158 1308 3215 trada-

248 3260 295 3309 tur
315 3255 350 3310 ad
372 3265 503 3320 uxorem,
535 3261 689 3327 posteaque
712 3253 884 3324 contugerit,
915 3255 1013 3311 marito
1034 3264 1166 3326 mortuo,
1197 3264 1228 3312 ut
1247 3256 1306 3329 ipsa

249 3350 351 3407 mulier
370 3351 407 3407 ad
427 3350 514 3409 alium
535 3352 666 3408 maritum
687 3351 788 3408 debeat
809 3352 963 3422 ambulare,
986 3355 1090 3410 autad
1112 3359 1243 3427 parentes
1264 3371 1309 3410 re·

248 3448 316 3506 verti
337 3456 385 3504 ant
406 3449 441 3505 ad
463 3455 570 3505 curtem
591 3449 684 3519 regis:
708 3456 775 3505 tunc
796 3448 908 3506 heredis
928 3450 1020 3506 meriti
1040 3451 1143 3523 prioris
1163 3451 1308 3524 accepiant

249 3544 428 3602 medietatem
449 3548 484 3603 de
504 3554 596 3615 meta,
628 3546 700 3602 sicut
720 3563 804 3619 snpra
824 3547 1006 3603 constitutum
1027 3556 1084 3614 est,
1115 3554 1143 3605 et
1170 3550 1228 3621 ipsa
1256 3565 1307 3622 per

248 3659 332 3701 mano
351 3643 434 3701 simili
451 3644 535 3700 modo
552 3644 716 3713 retrudatur,
730 3645 801 3700 sicut
815 3645 900 3717 priori
919 3646 1019 3702 maritu
1037 3647 1136 3704 tradita
1147 3647 1218 3712 iuit;
1241 3665 1306 3705 nam

249 3741 329 3800 aliter
350 3741 411 3798 sine
433 3741 582 3797 traditione
604 3743 680 3798 nulia
701 3757 794 3798 rerum
817 3743 935 3800 dicimus
956 3743 1106 3800 subsistere
1136 3745 1304 3804 firmitatem.

327 3841 412 3899 184.
434 3836 488 3911 (ilc
516 3842 609 3895 enenio
639 3840 779 3914 nuptiali.)
821 3840 850 3896 Si
881 3842 995 3914 quando
1022 3849 1100 3914 pater
1120 3841 1206 3898 filiam
1226 3860 1305 3902 saram

250 3944 299 3996 aut
319 3937 402 3995 irater
422 3951 546 3993 sororem
568 3936 615 3992 aiii
636 3936 671 3994 ad
693 3953 807 3994 exorem
827 3939 996 4008 tradederit,
1026 3947 1054 3996 et
1073 3939 1161 4014 aliqui
1182 3958 1217 3998 ex
1237 3941 1306 3998 anri·

251 4037 294 4094 cis
314 4042 428 4109 accepto
450 4033 551 4090 exerrio
579 4034 666 4106 ipsius
687 4034 811 4092 mulieris
833 4035 933 4108 aliquit
953 4037 1079 4106 dederit,
1112 4039 1140 4094 in
1162 4039 1250 4112 ipsius
1271 4039 1307 4096 sit

250 4141 414 4208 potestatem
435 4131 485 4206 qni
505 4131 654 4188 mundium
675 4133 710 4188 de
732 4149 764 4190 ea
784 4132 868 4198 tecitc
901 4151 935 4190 eo
956 4135 1033 4208 quod
1053 4136 1180 4202 maritus,
1202 4136 1225 4194 si
1246 4137 1306 4194 lau·

250 4233 361 4290 nechild
381 4230 548 4305 requisitum
568 4230 661 4296 inerit,
684 4231 744 4303 ipse
764 4230 839 4288 derit
857 4232 987 4304 persolvi.

328 4330 413 4390 185.
435 4328 488 4405 (Dc
507 4333 622 4388 incertos
642 4337 666 4386 et
686 4331 807 4386 inlecitus
827 4330 960 4404 nuptias.)
1001 4331 1077 4390 Nulli
1096 4332 1185 4391 laceat
1204 4350 1306 4392 nover-

250 4444 311 4488 cam
322 4445 411 4500 suam,
430 4428 459 4486 id
476 4434 517 4487 est
528 4427 697 4498 matriniam,
713 4427 762 4500 qui
780 4428 832 4486 suit
847 4445 917 4486 uxor
929 4430 1010 4502 patri,
1030 4447 1121 4504 neque
1135 4431 1301 4504 privignam,
