3022 5144
247 451 249 456 “
283 439 303 500 8

283 639 345 700 qua
369 619 438 680 vide
463 637 651 700 anonymum
676 622 800 696 potitam
811 615 1056 690 ldodottiensam
1080 615 1195 678 saeculi
1217 615 1292 677 Xlll

284 732 380 814 (apud
403 731 480 792 Frisi
504 730 640 791 Memoria
664 731 694 790 di
716 727 824 790 Mouza
849 729 892 789 llI
916 725 1005 811 235).
1040 727 1192 790 Solarium
1216 747 1291 788 vero

283 845 474 926 superiorem
506 863 574 906 esse
610 840 890 925 contignationem,
909 852 911 857 ·
929 840 1052 902 abunde
1088 847 1196 901 notum
1227 848 1290 901 est:

283 957 429 1019 Romanis
458 954 628 1036 antiquitus
665 953 696 1014 in
729 973 819 1015 usum
842 951 937 1014 luisse
960 952 1070 1033 probat
1093 951 1167 1014 illud
1191 951 1291 1014 Plauti

283 1069 388 1148 (Miles
400 1069 482 1132 Glor.
498 1065 626 1148 vato),
654 1085 775 1127 necnon
799 1065 948 1132 Svetonii‚
971 1064 1164 1146 aliorumque
1176 1065 1288 1126 verba:

282 1182 425 1244 homines
450 1200 523 1242 vero
541 1179 633 1260 medii
649 1179 717 1240 aevi
735 1158 881 1240 solarium
896 1177 1042 1240 dixerunt
1052 1178 1162 1239 aedem
1183 1196 1292 1258 quam·

282 1295 359 1356 libet
382 1313 444 1355 una
467 1291 617 1353 etaltera
640 1291 872 1372 contignatione
894 1291 1087 1364 instructam,
1114 1290 1196 1352 unde
1216 1310 1292 1370 gen-

282 1407 365 1476 tibus
389 1405 519 1466 inditum
534 1425 660 1471 nomen,
688 1403 856 1485 praecipue
868 1402 950 1483 apud
964 1421 1039 1464 nos:
1066 1402 1200 1467 nominis
1217 1423 1290 1464 vero

283 1527 314 1580 et
338 1518 380 1578 rei
405 1538 479 1579 usus
503 1525 534 1578 et
557 1537 623 1578 mos
648 1525 756 1578 entant
779 1516 861 1597 apud
886 1516 1010 1587 Sardos,
1037 1515 1090 1596 qui
1114 1514 1290 1576 insulariis

281 1632 392 1692 horrea
416 1649 470 1690 sua
494 1629 626 1700 habeut,
663 1629 754 1694 humi,
778 1636 919 1702 morante
952 1626 1079 1688 familia.
1129 1627 1290 1688 Consuluit

281 1762 354 1803 vere
378 1742 430 1802 lex
455 1741 570 1803 laboris
595 1750 625 1802 et
648 1741 859 1822 impensarum
878 1741 1070 1826 incremento
1085 1739 1135 1802 vel
1151 1739 1289 1800 evehen-

281 1855 328 1915 dis
363 1854 473 1934 tegulis
509 1874 606 1934 usque
641 1853 679 1914 ad
715 1853 882 1914 secundam
921 1851 1201 1940 contignationem,
1239 1851 1289 1912 vel

281 1969 417 2048 ipsarum
441 1964 733 2046 confringendarum
757 1972 865 2027 auctae
890 1965 1055 2026 occasioni.

363 2235 449 2317 outa
476 2238 653 2324 quindecim
680 2236 798 2326 togulas
825 2237 939 2325 uiginti
952 2235 1193 2324 ‘pedesstleleont

369 2420 448 2494 Quia
481 2440 522 2482 xv
552 2420 675 2502 tegulae
707 2419 890 2501 cooperiunt
923 2419 1055 2500 spatium
1096 2440 1139 2482 xx
1174 2421 1288 2502 pedum

281 2533 515 2613 quadratorum:
541 2553 601 2594 uua
619 2533 736 2594 scilicet
755 2534 857 2613 tegula
872 2531 966 2593 refert
986 2531 1183 2613 superficiem
1199 2532 1289 2614 pedis

281 2666 350 2706 curn
384 2644 515 2718 triente,
553 2665 634 2729 quae
666 2645 837 2727 tegularum
869 2645 947 2706 ratio
971 2645 1080 2709 eadem
1105 2655 1151 2706 est
1175 2667 1211 2708 ac
1235 2646 1287 2707 illa

281 2757 407 2838 antiqua
431 2758 654 2844 Romanorum,
679 2757 831 2820 hodierno
856 2777 981 2839 quoque
1003 2766 1146 2839 ternpore
1171 2760 1287 2821 Romae

282 2879 312 2932 et
343 2869 520 2932 Florentiae
554 2869 671 2944 habita,
731 2870 833 2931 Verho
864 2872 956 2931 labore
996 2881 1103 2933 carent
1129 2871 1285 2952 glossarii,

281 2991 415 3062 attamen
439 2980 521 3042 illius
545 3001 654 3042 sensus
678 2980 805 3042 minime
821 2982 970 3043 obscurus
991 2983 1077 3044 verbi
1100 2987 1167 3045 celle
1187 2986 1288 3046 locum

158 3153 161 3164 ,
280 3095 421 3156 obtinet:
472 3097 614 3174 qoodlebit
648 3097 784 3184 domuum
822 3093 953 3174 legimus
984 3094 1014 3154 in
1045 3094 1116 3177 lege
1146 3096 1288 3158 liotharis

280 3207 446 3283 §CXLV,
484 3207 536 3270 ubi
561 3209 702 3288 quodlibet
732 3226 787 3268 seu
815 3209 933 3286 quodvis
956 3207 1190 3288 intelligendum
1228 3218 1285 3276 cst,

193 3373 195 3383 r
281 3321 363 3382 unde
387 3322 479 3381 ledere
502 3341 556 3380 seu
581 3323 668 3380 labere
691 3340 747 3401 pro
771 3320 855 3380 libere
878 3319 927 3382 vel
951 3322 1052 3411 lubere.
1099 3323 1106 3338 ‘
1264 3323 1265 3326 ’

292 3485 300 3502 ,
368 3433 468 3494 Maior
491 3453 564 3493 vero
588 3433 723 3512 agitatur
745 3432 911 3513 disputatio
942 3433 981 3494 de
1005 3453 1067 3513 quo
1091 3435 1172 3515 pede
1196 3443 1289 3514 agant

280 3546 366 3626 legas
389 3545 651 3625 Langobardicae.
699 3545 892 3608 Percelehris
915 3566 971 3626 pes
995 3545 1048 3608 ille
1072 3546 1125 3627 qui
1149 3546 1287 3609 initalia

209 3657 211 3662 ’
279 3657 418 3738 pluribus
442 3656 555 3718 abhinc
578 3659 709 3720 saeculis
734 3680 821 3721 nsum
845 3658 975 3732 obtinet,
1011 3659 1127 3740 quique
1157 3679 1174 3720 a
1204 3659 1290 3720 Liut-
1378 3708 1383 3719 ,

280 3771 399 3850 prando
432 3790 505 3852 rege
539 3790 652 3832 nomen
682 3771 818 3852 accepit,
857 3781 888 3834 et
926 3781 1113 3837 memoratur
1140 3773 1179 3833 ab
1204 3792 1285 3834 anno

280 3884 391 3944 saltem
415 3883 479 3944 915
503 3885 635 3961 (Ducum.
662 3903 716 3962 per
744 3887 772 3944 la
800 3885 898 3960 Storio
920 3887 950 3946 di
972 3886 1066 3946 Laeca
1093 3885 1124 3949 V.
1151 3886 1181 3950 3.
1207 3885 1284 3966 33l²

232 4067 234 4074 y
280 3997 319 4056 de
344 4015 382 4056 eo
407 3995 618 4057 disseruerunt
642 3970 698 4058 viri
723 3997 822 4068 docti,
848 3997 929 4060 iuter
951 4018 1030 4078 quos
1054 3997 1170 4058 eminet
1186 3997 1290 4059 1)οωί-

281 4109 367 4169 uicus
401 4089 522 4170 'Maria'
543 4109 673 4170 Manuos
711 4108 788 4170 libro
821 4110 868 4173 cui
908 4109 1013 4172 titulus
1043 4111 1096 4181 oet
1125 4109 1211 4172 Plede
1240 4110 1290 4170 Li-

278 4224 390 4300 prendo
415 4231 465 4286 etc,
499 4223 593 4298 (inter
617 4242 721 4302 opusc!
748 4221 850 4304 C'alog.
878 4222 915 4286 X.
944 4223 1029 4300 125),
1068 4221 1140 4284 licto
1161 4222 1287 4284 nomine
