3048 5130
547 419 684 464 nurerum
708 419 773 469 cir.
793 416 908 461 uu-sr.
1225 407 1267 471 iii

194 581 331 638 persona
351 567 401 639 qui
422 567 578 626 exercitalis
600 570 684 628 homo
705 585 766 626 esse
786 571 928 628 iuvenitur
949 589 981 628 cu
1003 573 1100 630 solidis
1122 591 1266 650 conpone-

196 670 271 728 tur3
301 665 407 738 etqui
428 665 535 738 primus
557 675 614 733 est,
639 685 689 726 cuc
710 668 818 725 solidis.
861 671 902 726 De
924 670 1058 740 grisindiis
1080 687 1144 727 reru
1165 678 1269 734 nostris

197 762 354 832 volumus,
376 771 407 820 ut
418 765 591 837 quicumque
606 766 817 823 minimissimus
828 767 856 823 in
873 769 919 824 teli
936 769 1035 824 ordine
1051 770 1159 826 occisus
1173 771 1266 844 tuerit,

198 875 259 932 pro
279 877 319 916 eo
341 862 417 934 quod
439 861 520 918 nobis
541 862 680 920 deservire
701 865 828 932 vedetur,
852 881 885 921 uo
906 866 1004 922 solidis
1025 867 1073 922 iiet
1089 872 1268 940 conpositum

199 957 327 1031 majoris
347 975 412 1015 vero
433 960 588 1016 secundum
610 955 701 1033 quetis
722 977 841 1034 persone
863 962 961 1030 tuerit,
986 969 1016 1018 ut
1035 963 1065 1018 in
1089 972 1181 1022 nostre
1203 987 1270 1026 eon·

200 1055 385 1114 sideratioue
406 1057 447 1111 vei
469 1072 662 1113 successorum
684 1067 843 1114 nostrorum
866 1060 967 1115 debeat
986 1075 1168 1132 permonere,
1198 1083 1271 1139 quo-

200 1154 300 1210 modo
322 1170 412 1227 usque
433 1154 467 1209 ed
489 1170 540 1210 cuc
561 1155 666 1210 solidos
688 1155 747 1227 ipse
768 1156 869 1212 debent
888 1157 1038 1214 escendere
1058 1161 1227 1232 conpositio.

295 1249 356 1326 (X.)
383 1252 448 1308 us.
477 1251 506 1307 Si
528 1251 592 1323 quis
614 1252 802 1310 testimonium
825 1254 924 1309 salsum
945 1260 1041 1311 contre
1062 1273 1270 1336 quemeumque

202 1349 356 1419 redderit,
391 1357 438 1432 eut
467 1350 495 1406 in
516 1350 621 1405 canoto
643 1349 710 1406 saise
731 1365 761 1406 se
783 1351 917 1408 scientem
938 1367 1053 1410 menum
1074 1358 1217 1429 posuerit,
1242 1369 1270 1419 et

201 1448 271 1521 ipsa
295 1448 370 1504 susus
392 1447 571 1504 manufestum
593 1446 687 1516 iuerit,
709 1453 851 1518 conponat
872 1448 1010 1520 widrigild
1032 1467 1125 1522 suum,
1148 1457 1270 1515 medine-

204 1553 300 1602 tetem
321 1545 400 1616 regi,
424 1552 452 1601 ot
472 1545 667 1602 mediaetatem
688 1545 766 1617 cujus
787 1560 868 1600 cause
891 1545 984 1603 tuerit.
1027 1549 1063 1605 Et
1083 1551 1106 1606 si
1128 1554 1189 1610 talis
1210 1573 1273 1629 per·

205 1661 285 1702 eone
305 1643 400 1713 fuerit,
423 1644 473 1716 qui
495 1661 550 1700 non
570 1645 670 1700 hubent
687 1643 761 1700 unde
772 1643 928 1715 conpositio
942 1645 1040 1717 iecore,
1065 1654 1131 1705 tunc
1145 1654 1274 1726 pupiious

206 1744 319 1800 debeat
339 1758 404 1799 cum
425 1742 491 1798 dure
513 1757 563 1814 pru
584 1757 664 1796 servo
686 1740 714 1798 in
737 1755 821 1795 manu
845 1740 905 1812 ejus
928 1742 973 1797 cui
995 1743 1106 1816 culpem
1128 1747 1212 1818 iecit,
1246 1759 1274 1809 et

206 1842 276 1916 ipse
298 1841 324 1898 ei
346 1841 483 1898 deserviat
503 1841 575 1897 sicut
593 1854 697 1898 servus.
719 1839 754 1894 Et
767 1839 813 1894 iile
827 1838 877 1912 qui
897 1838 981 1896 etium
994 1845 1273 1911 rogettestimunium

208 1939 319 1997 falsum
341 1938 435 1995 dicere
466 1946 512 1995 eut
533 1955 584 2010 pro
606 1953 689 1993 causa
713 1953 762 1992 sue
784 1951 869 1993 manu
892 1937 920 1992 in
942 1939 1045 1994 cartole
1066 1938 1133 1998 ielse
1154 1959 1271 2015 ponere,

208 2037 256 2094 sic
277 2042 421 2108 conponat
440 2036 511 2092 sicut
530 2043 558 2091 et
579 2035 653 2108 ipsos
674 2035 757 2091 salsos
778 2015 854 2092 testis
873 2035 1005 2107 jussimus
1025 2052 1199 2110 conponere,
1222 2060 1273 2115 pro

209 2151 248 2191 eo
272 2135 350 2207 quod
372 2135 464 2206 ipsum
484 2133 590 2189 mulum
611 2149 661 2206 per
682 2132 773 2205 ipsum
795 2133 843 2188 fiet
864 2133 1039 2206 inquoetum.
1088 2157 1090 2162 ·

298 2229 373 2306 (XI.)
400 2233 465 2287 un.
494 2231 554 2286 Hoc
576 2230 652 2286 euim
673 2237 779 2288 rectum
801 2231 882 2286 nobis
903 2233 996 2302 paruit
1016 2249 1076 2290 esse
1097 2234 1131 2289 de
1154 2234 1196 2291 his
1216 2252 1274 2294 ser-

211 2331 255 2387 vis
278 2330 327 2403 qui
349 2313 505 2386 iniurium
526 2327 814 2400 comprehenduntur,
847 2329 922 2384 unde
951 2331 978 2384 iu
1010 2332 1150 2388 anteriore
1172 2334 1272 2390 Edicto

210 2429 320 2500 legitur
340 2428 417 2500 quod
439 2434 487 2483 aut
507 2425 649 2482 occidetur
670 2433 718 2480 aut
738 2426 862 2482 redemet
882 2443 948 2482 eum
969 2428 1100 2484 dominus
1121 2446 1188 2488 suus
1209 2449 1273 2488 cum

212 2525 315 2584 solidis
330 2523 532 2597 quadraginta:
556 2528 588 2578 ut
607 2522 628 2578 si
651 2523 752 2579 amodo
770 2523 971 2596 cujuscumque
992 2541 1087 2582 servus
1099 2531 1274 2600 conprehen-

212 2640 266 2683 sus
286 2623 372 2680 suerit
392 2623 421 2678 in
444 2639 477 2679 eo
500 2622 591 2677 tissone
613 2627 644 2678 ut
663 2621 735 2678 mori
761 2621 881 2689 debeat,
909 2628 958 2678 aut
988 2623 1106 2680 redimet
1136 2642 1202 2683 eum
1223 2629 1273 2683 do·

212 2722 311 2780 minus
332 2737 411 2791 suus,
436 2727 466 2776 ut
486 2720 592 2776 dictum
613 2725 664 2786 est,
688 2735 752 2774 cum
773 2718 869 2776 solidis
891 2736 936 2782 m,
960 2727 1009 2775 eut
1028 2720 1050 2776 si
1072 2722 1187 2780 minime
1208 2741 1274 2782 eum

214 2820 361 2878 redemere
383 2817 512 2881 voluerit,
536 2817 595 2889 ipse
617 2817 749 2873 dominus
770 2817 829 2888 ejus
851 2833 915 2872 eum
937 2817 1063 2882 oecidetr
1094 2821 1164 2876 etsi
1186 2823 1275 2879 domi·

216 2934 273 2974 nus
294 2917 353 2990 ejus
374 2933 439 2972 eum
461 2915 583 2971 noluerit
604 2915 744 2980 occidere,
768 2915 961 2971 occideteum
983 2915 1029 2972 ille
1051 2917 1099 2989 qui
1121 2934 1185 2974 eum
1207 2935 1275 2976 con·

216 3016 387 3089 prehensum
403 3021 497 3076 teuet;
520 3020 548 3069 et
568 3013 590 3069 si
613 3029 665 3068 nec
683 3013 730 3068 ilie
745 3013 874 3080 voluerit,
898 3019 964 3069 tuuc
980 3013 1097 3086 occipiat
1112 3031 1177 3072 eum
1188 3019 1273 3074 curtis

218 3123 328 3184 nostro,
351 3120 380 3170 et
400 3112 543 3186 quomodo
565 3118 659 3166 nostre
677 3110 765 3182 jussio
787 3109 870 3166 suerit
891 3109 926 3166 de
953 3128 986 3166 eu
1009 3111 1110 3167 debent
1130 3115 1271 3172 ordinere.

216 3213 281 3285 lpse
301 3229 368 3268 reso
390 3209 600 3280 dominusejus
621 3215 763 3280 conponat
783 3208 854 3264 sicut
875 3207 1005 3264 Edictum
1027 3209 1153 3267 continet
1181 3213 1205 3268 ei
1227 3213 1273 3270 cui

217 3311 312 3383 ipsum
332 3309 437 3366 iustum
458 3308 561 3364 iactum
582 3305 675 3364 suerit.

574 3427 704 3469 uxettctt·
724 3429 761 3467 ms
783 3426 856 3468 tuno
876 3430 927 3470 ¹11.

466 3678 593 3730 INCIPIT
613 3679 655 3728 DE
676 3676 771 3727 ANNO
791 3673 1061 3728 tunuluuuctttu.

472 3801 604 3870 (liniendis
631 3805 737 3862 merdis,
767 3815 835 3853 euno
862 3800 1021 3869 dccxxv).

537 3943 727 4007 VOLUMEN
751 3943 960 4006 SEPTIMUM.

301 4089 359 4160 Eoo
379 4089 586 4159 Liutprand
601 4092 636 4145 in
654 4086 801 4144 CHRISTI
819 4089 927 4144 nomine
947 4103 996 4142 ree
1015 4086 1101 4155 uentis
1120 4083 1276 4155 tenuetur-

222 4189 328 4252 donrm,
352 4203 423 4240 anno
443 4188 520 4258 requi
539 4190 591 4242 mei
610 4188 803 4251 tertiodecimo,
826 4187 889 4240 diue
909 4185 1082 4240 calendonem
1101 4184 1274 4250 montionem,

222 4286 369 4339 irediretione
389 4285 503 4349 octaua,
535 4287 599 4340 dum
618 4298 833 4340 rememorassem
864 4282 936 4351 quod
955 4281 1086 4334 uenientis
1106 4279 1225 4334 tommo
1244 4282 1276 4336 itt

219 4384 355 4452 presentia
379 4388 474 4438 nostra
503 4384 676 4456 oddrmerunt
698 4397 794 4438 cousus
821 4381 893 4435 inter
912 4394 939 4433 se
959 4378 1134 4445 adamantes,
1157 4394 1208 4447 que
1228 4395 1276 4434 nee
