3048 5130
253 475 292 538 l'0
642 493 798 540 cornicis
821 495 912 540 auots

249 649 322 714 tem,
353 651 495 716 conponat
522 643 626 701 solidos
647 644 771 716 vigenti;
801 650 918 719 excepto
947 659 1011 702 cum
1031 645 1128 718 plagas
1148 651 1195 702 aut
1214 642 1308 700 renus

249 741 355 806 iecerit,
378 741 447 798 sicut
467 741 496 798 in
519 741 572 798 lroc
593 741 721 800 Edictum
742 742 845 814 legitur
865 743 1010 816 persolvat.

330 838 393 896 85.
418 838 468 911 (De
487 841 666 914 scandulum.)
710 840 738 897 Si
767 841 829 913 quis
850 841 1012 897 scandalum
1033 840 1061 897 in
1085 839 1202 897 ecclesia
1222 855 1309 912 pene·

248 938 370 1008 traverit,
393 938 582 1009 quadragenta
603 939 708 994 solidos
729 938 814 1010 ipsius
829 938 999 994 veneravelis
1020 939 1074 995 loci
1095 937 1131 995 sit
1147 937 1306 1009 culpavelis,

249 1041 366 1108 excepto
387 1036 481 1108 plagas
508 1042 555 1092 aut
575 1035 669 1093 feritas
690 1036 733 1091 oui
761 1035 865 1093 iecerit.
908 1037 943 1092 Et
972 1036 1090 1109 predicti
1119 1035 1309 1109 quadragenta

249 1132 332 1189 solidi
354 1148 405 1206 per
424 1132 562 1188 sculdahis
584 1140 631 1189 aut
647 1133 771 1206 judicem
792 1133 839 1205 qui
861 1133 890 1189 in
912 1135 976 1190 locu
991 1135 1134 1190 ordinatus
1148 1133 1231 1189 luerit
1246 1148 1310 1189 exe·

250 1239 366 1302 gantur,
398 1237 426 1287 et
450 1229 480 1286 in
502 1247 609 1288 sacrum
632 1230 759 1288 altarium
780 1232 827 1287 ubi
848 1231 950 1304 injuria
972 1233 1041 1288 lacta
1062 1239 1105 1288 est
1125 1238 1309 1302 conponatur.

331 1330 396 1388 ὅθ.
439 1329 468 1385 Si
491 1329 552 1401 quis
573 1329 645 1385 intra
661 1329 794 1402 palatium
815 1329 862 1386 ubi
884 1346 949 1400 rege
970 1337 1064 1403 preest
1080 1330 1242 1389 scandalum
1263 1344 1312 1400 pe·

251 1433 359 1484 netrare
381 1427 569 1500 presumserit,
593 1426 685 1482 anime
706 1443 771 1483 suae
794 1427 917 1484 incurrat
933 1427 1098 1500 periculum,
1121 1434 1168 1484 aut
1187 1426 1312 1482 redemat

251 1525 344 1582 anima
364 1541 423 1590 sua,
445 1524 469 1580 si
489 1525 623 1581 obtenere
645 1525 766 1597 potuerit
786 1542 800 1581 a
822 1541 898 1596 rege.
1376 1509 1378 1518 ’

331 1624 389 1681 td.
432 1623 461 1678 Si
484 1623 545 1695 quis
566 1623 638 1678 liber
654 1623 737 1678 homo
759 1624 787 1679 in
803 1623 900 1679 eadem
915 1622 1054 1679 civitatem
1074 1621 1121 1679 ubi
1144 1637 1194 1677 rex
1207 1627 1310 1693 preest,

250 1728 296 1778 aut
317 1727 385 1776 tunc
405 1720 545 1776 invenitur
565 1737 644 1789 esse,
677 1721 839 1778 scandalum
861 1729 1007 1793 penetrare
1029 1711 1252 1794 presumpserit,
1282 1718 1311 1774 id

252 1826 294 1876 est
313 1819 336 1874 si
358 1818 513 1874 incitaverit
533 1825 560 1874 et
582 1835 637 1875 non
660 1819 843 1891 percusserit,
876 1819 911 1874 sit
938 1819 1088 1891 culparetis
1118 1817 1223 1874 solidos
1243 1816 1314 1872 duo·

228 1975 232 1980 ,
252 1916 342 1974 dicem
364 1917 392 1972 in
414 1917 516 1988 palatio
538 1916 627 1986 regis,
653 1933 717 1972 nam
737 1916 759 1971 si
782 1916 929 1988 perfecerit
949 1924 977 1972 et
997 1915 1175 1989 percusserit,
1197 1914 1232 1971 sit
1253 1915 1313 1970 cul-

254 2015 358 2088 pavelis
379 2014 407 2070 in
431 2015 532 2086 palatio
554 2014 627 2084 regis
649 2013 753 2069 solidos
772 2013 876 2082 vigenti
898 2021 1092 2085 etquattuor:
1116 2019 1232 2084 excepto
1254 2013 1313 2084 pla-

253 2128 301 2184 gas
312 2120 359 2168 aut
370 2111 463 2168 ieritas
474 2112 496 2168 si
508 2111 614 2178 iecerit,
632 2111 702 2166 sicut
712 2109 741 2165 in
754 2110 807 2166 hoc
817 2111 945 2166 Edictum
957 2110 1097 2166 adnexum
1108 2119 1149 2168 est
1160 2115 1312 2182 conponat.

333 2211 395 2268 88.
438 2208 467 2264 Si
489 2224 583 2264 servus
604 2208 632 2264 in
646 2207 743 2264 eadem
760 2207 898 2265 civitatem
911 2209 939 2264 in
955 2224 1011 2280 qua
1025 2224 1073 2263 rex
1089 2215 1155 2264 tuuc
1174 2207 1314 2264 invenitur

252 2323 311 2364 esse
325 2306 487 2362 scandalum
502 2306 668 2374 incitaverit,
681 2306 716 2362 sit
726 2306 873 2379 culpabilis
885 2307 914 2362 in
927 2305 1030 2379 palatio
1042 2303 1115 2376 regis
1126 2305 1232 2362 solidos
1244 2321 1292 2361 sex
1304 2321 1312 2369 3

252 2410 281 2461 ct
300 2405 322 2460 si
344 2404 520 2477 percusserit,
544 2405 579 2461 sit
599 2405 749 2476 culparetis
770 2404 875 2460 solidos
897 2403 1063 2466 duodicemt
1086 2410 1203 2475 excepto
1224 2401 1316 2459 teritus

253 2510 300 2561 aut
312 2501 513 2575 conpositionis
528 2505 683 2574 plagarum,
705 2503 775 2558 sicut
797 2503 825 2558 in
846 2503 899 2558 hoc
913 2501 1041 2558 Edictum
1052 2501 1154 2571 legitur
1164 2507 1314 2572 conponat.
1404 2500 1406 2504 ’

333 2603 397 2658 89.
440 2599 469 2656 Si
491 2601 563 2656 lilrer
583 2601 678 2656 homo¹
697 2601 725 2658 in
747 2600 830 2657 aliam
857 2601 995 2658 civitatem
1017 2599 1179 2656 scandalum
1199 2599 1315 2657 incitare

254 2698 471 2774 presumpserit,
494 2704 522 2754 et
544 2715 600 2754 non
623 2699 809 2770 percusserit,
841 2698 877 2754 sit
896 2698 1047 2770 culpavelis
1067 2698 1096 2753 in
1117 2697 1221 2769 palatio
1242 2697 1316 2768 regis

256 2798 362 2856 solidos
381 2813 448 2861 scx;
471 2794 493 2852 si
515 2805 607 2852 autem
626 2797 793 2868 percusserit
813 2803 859 2852 aut
877 2797 1038 2868 plagaverit,
1061 2797 1097 2852 sit
1116 2795 1265 2870 culpavelis
1285 2795 1316 2851 in

257 2895 358 2969 palatio
388 2894 462 2965 regis
489 2893 595 2950 solidos
615 2893 784 2950 duodecim:
808 2895 925 2965 excepto
949 2893 1151 2965 conpositionis
1172 2895 1316 2966 plagarum

256 3001 303 3051 aut
324 2992 416 3050 terius
437 2993 459 3048 si
481 2991 594 3061 iecerit,
617 2993 688 3048 sicut
708 2991 736 3047 in
759 2991 811 3047 lroc
832 2991 961 3047 Edictum
982 2990 1083 3060 legitur
1103 2996 1254 3062 conponat.

334 3092 402 3148 40.
444 3087 472 3144 Si
494 3105 587 3144 servus
608 3088 637 3144 in
659 3088 743 3145 aliam
763 3088 900 3145 civitatem
918 3087 1078 3143 scandalum
1098 3085 1249 3156 comiserit,
1271 3101 1316 3141 so·

256 3187 329 3244 lidos
351 3197 405 3243 tres
426 3187 461 3243 sit
481 3186 631 3259 culpavelis
651 3187 679 3242 in
697 3187 799 3259 palatio
821 3185 911 3256 regis;
934 3185 957 3241 si
974 3191 1066 3241 autem
1082 3182 1175 3240 ieritas
1195 3190 1242 3240 aut
1257 3184 1318 3256 pla·

257 3301 305 3356 gas
328 3285 440 3353 iecerit,
472 3284 507 3340 sit
526 3285 676 3356 culpavelis
696 3284 725 3340 in
749 3283 851 3356 palatio
881 3284 953 3354 regis
974 3283 1080 3340 solidos
1100 3297 1169 3350 sex,
1199 3287 1316 3354 excepto

257 3384 354 3455 plagas
374 3389 420 3438 aut
441 3381 534 3437 irritas
555 3381 599 3438 cui
621 3381 717 3438 iecerit
737 3387 888 3454 conponat

337 3481 396 3536 41.
419 3477 471 3551 (Da
488 3481 595 3536 lomina
614 3481 698 3536 libero
718 3478 840 3551 intuto.)
884 3477 913 3534 Si
943 3476 1006 3549 quis
1027 3475 1169 3533 hominem
1197 3476 1317 3539 liberum

257 3577 403 3635 insidiatus
426 3577 508 3633 luerit
528 3594 591 3634 cum
613 3579 740 3634 virtutem
761 3584 808 3634 aut
828 3576 975 3644 solatium,
998 3574 1101 3631 redens
1121 3589 1185 3631 eum
1206 3575 1319 3647 inpara-

260 3685 317 3733 tum
344 3674 514 3747 sempliciter
533 3675 721 3732 ambulantem
751 3683 797 3732 aut
824 3679 943 3731 amntem
963 3672 1054 3728 subito
1082 3687 1165 3744 super
1185 3689 1248 3729 eum
1269 3673 1319 3730 ad-

259 3773 384 3842 veniens,
408 3780 435 3830 et
456 3773 573 3846 turpiter
594 3790 657 3830 enm
675 3774 796 3831 tenuerit
816 3781 844 3828 et
858 3770 1006 3830 battederit
1021 3770 1081 3829 sine
1092 3769 1217 3844 jussione
1231 3770 1316 3842 regis,

260 3873 437 3930 medietatem
459 3871 540 3944 pretii
572 3872 657 3945 ipsius
677 3890 710 3928 ac
740 3873 762 3928 si
791 3889 855 3927 euru
883 3869 1019 3927 occisissit
1045 3869 1070 3926 ei
1091 3875 1252 3940 conponat,
1282 3884 1317 3924 eo

259 3971 385 4046 quadiu
408 3978 487 4042 turpe
508 3977 535 4024 et
555 3970 584 4027 in
606 3970 787 4027 derisiculum
807 3969 893 4041 ipsius
914 3985 977 4025 eum
999 3968 1071 4024 male
1092 3969 1224 4026 tractarit.

339 4072 401 4126 42.
425 4067 475 4141 (lta
494 4069 601 4124 homine
627 4069 711 4124 litero
731 4067 839 4140 tapeto.)
876 4053 913 4123 ¹Si
941 4065 1003 4138 quis
1027 4063 1172 4122 hominem
1200 4065 1318 4122 liberum

260 4167 393 4240 legaverit
419 4167 524 4241 absque
541 4167 695 4239 jussionem
717 4167 790 4237 regis
810 4168 871 4223 sine
893 4181 994 4234 censa,
1026 4164 1095 4221 duas
1123 4163 1209 4236 partis
1236 4161 1319 4235 pretii

260 4265 347 4340 ipsius
367 4273 508 4339 umquam
528 4265 552 4322 si
572 4282 636 4323 eum
657 4265 792 4323 occisissit
811 4264 836 4321 ai
857 4271 1007 4336 conponat

340 4365 403 4422 48.
427 4363 477 4436 (De
495 4365 579 4434 serito
598 4371 647 4420 unt
663 4379 825 4436 punctura
844 4364 962 4419 ments
981 4359 1078 4432 ttoni.)
1130 4359 1159 4415 Si
1186 4357 1248 4430 quis
1268 4358 1319 4414 ho-

259 4461 364 4520 miuem
384 4461 503 4520 libcmm
523 4462 614 4521 subito
634 4468 764 4537 surgente
785 4477 851 4522 sexa
870 4458 1056 4534 percusserit,
1085 4461 1113 4516 et
1131 4456 1251 4514 liborem
1271 4463 1320 4514 aut
