3022 5144
283 421 335 510 Vl¹

281 625 349 702 ipsis
371 622 413 682 cel
441 625 540 684 alienis
568 624 736 684 bominibus.
782 623 847 684 Hae
866 626 1026 703 particulae
1048 636 1171 698 tautum,
1206 645 1283 684 nunc

279 736 405 812 primum
432 736 534 808 editae,
576 737 615 796 ad
637 744 728 795 artem
750 738 935 798 structoriam
958 747 1103 816 spectant,
1137 750 1162 800 et
1192 760 1229 799 ea
1251 742 1287 800 iis

283 850 372 907 solum
401 868 464 907 cam
497 866 649 927 operarum
671 851 767 927 pretia
801 849 999 930 artificumque
1027 853 1184 930 stipendia,
1226 862 1288 911 tum

284 962 469 1022 tenebricosos
490 962 567 1021 illias
589 963 693 1021 aetatis
716 964 926 1022 consuetudines
957 963 1169 1044 aedificatoriae
1192 965 1286 1024 adbuc

282 1076 535 1164 prorsusxipaotae
557 1075 627 1134 sotis
649 1074 757 1152 liquido
780 1077 958 1140 innotescent.

372 1187 510 1246 lectionis
546 1188 744 1266 perspicuitati
780 1189 904 1248 manime
945 1189 1076 1248 obstabat
1114 1190 1287 1250 incredibilis

286 1299 415 1376 ipsoram
438 1307 568 1358 teatssam
592 1300 736 1360 barbaries
757 1303 792 1360 ab
808 1298 1023 1364 amanuensium
1039 1302 1204 1378 ipnorantia
1220 1304 1291 1362 mire

285 1419 371 1470 aucta
400 1420 426 1468 ct
454 1410 603 1471 inuoluta:
644 1422 728 1471 mant
757 1424 783 1471 et
811 1433 889 1474 uoces
917 1414 1118 1494 plessetoribus
1156 1416 1288 1492 ipaotac:

286 1531 367 1581 erant
387 1525 546 1602 particulae
576 1533 658 1585 tanta
688 1527 840 1586 lectionum
862 1529 998 1592 uarietate
1021 1528 1228 1606 discrepantes,
1254 1538 1287 1586 ut

285 1635 364 1694 nulla
388 1645 455 1696 esset
478 1637 596 1714 elipandi
620 1639 768 1699 certitudo.
805 1637 909 1698 Coraci
929 1641 1027 1718 itaque
1040 1658 1094 1718 pro
1115 1641 1242 1711 uiribus,
1259 1649 1291 1698 ut

286 1749 412 1826 siapalae
419 1750 581 1828 particulae
597 1753 635 1810 od
653 1752 787 1812 literalem
797 1754 895 1812 saltem
907 1771 1018 1811 smsum
1029 1753 1160 1812 redactae
1180 1761 1287 1818 essent,¹

267 1880 358 1940 ,quae
389 1862 515 1940 deinceps
544 1864 710 1924 obscuriora
740 1873 766 1922 et
797 1865 887 1942 mapis
920 1865 1048 1926 inuoluta
1076 1874 1288 1936 remanserant,

283 1974 426 2054 perpetui-s
458 1976 567 2034 scboliis
596 1975 720 2046 manici,
755 1976 939 2043 schematibus
971 1979 1057 2040 etiam
1085 1995 1145 2036 rem
1181 1978 1290 2056 aflinni.

374 2087 455 2145 later
486 2087 556 2164 lepos
585 2089 673 2148 editas
701 2089 753 2148 bae
780 2091 975 2151 inscribuntur
1004 2091 1161 2152 subtitubo
1186 2089 1295 2154 ITEM

287 2191 565 2260 MEMORATORI
569 2198 627 2259 VM
640 2199 695 2260 DE
713 2198 932 2262 monetans
949 2199 1288 2272 COMMACINORVM,

288 2330 384 2389 meque
407 2314 555 2381 admonuit
585 2311 627 2372 Cl.
653 2314 786 2376 Boudius
818 2333 906 2372 unum
929 2315 1053 2374 codicem
1074 2315 1291 2394 Eporedicnsem

289 2443 334 2484 eas
357 2427 461 2503 referre
483 2427 557 2485 inter
578 2423 713 2484 Edictum
728 2424 887 2486 Grimoaldi
903 2435 926 2485 et
943 2426 1077 2488 Edictum
1098 2427 1290 2506 Liatprandi:

289 2553 398 2620 tresque
426 2551 538 2602 tantum
569 2542 647 2600 alios.
671 2521 777 2600 codices
809 2559 855 2598 eas
885 2540 1000 2605 laborm
1043 2559 1080 2598 ea
1109 2540 1227 2620 quibas,
1261 2543 1292 2600 in

289 2653 453 2715 Matritensi
481 2665 505 2712 et
534 2653 690 2713 Parisiensi
712 2653 823 2724 4613,
859 2653 897 2711 eis
929 2654 1006 2712 lacus
1030 2653 1114 2712 datas
1134 2663 1201 2731 post
1223 2655 1293 2732 lepos

294 2767 478 2848 liutprandi,
514 2765 593 2825 nulla
617 2767 716 2826 addita
739 2766 853 2842 speciali
871 2767 1006 2832 rubrica‚·
1032 2766 1064 2824 in
1080 2763 1197 2826 Caomsi
1216 2785 1292 2837 icero,

290 2876 524 2939 Memoratoriam
546 2879 673 2958 sequane
695 2878 807 2956 quidem
829 2877 963 2938 Edictum
986 2877 1174 2958 Liutprandi,
1202 2881 1293 2939 adno-

290 2994 396 3052 tatione
418 3001 511 3050 tamen
529 2991 706 3068 praemissa,
744 2990 868 3066 eapletas
895 3008 951 3048 csse
974 2991 1044 3069 lepcs
1067 3010 1086 3050 a
1108 2990 1289 3068 Liutprando

290 3107 375 3178 latas,
401 3106 504 3182 bosque
522 3103 683 3182 particulas
701 3102 866 3183 posteriore.
879 3109 971 3160 aetate
989 3101 1075 3180 saissa
1098 3081 1248 3165 subiectas.

379 3216 442 3277 Hoc
465 3218 583 3294 denique
605 3233 752 3284 rnoncam,
778 3211 978 3275 Barbarorum
1000 3215 1070 3292 lepos
1092 3215 1160 3274 iura
1178 3214 1315 3295 publica

292 3340 318 3388 et
341 3331 435 3390 ciuilia
458 3338 570 3388 tantum
592 3328 762 3406 respeaisse,
795 3327 846 3386 boc
869 3336 910 3386 est
932 3327 1098 3388 commercia
1121 3336 1147 3384 et
1170 3327 1306 3386 rationes*

291 3445 365 3502 inter
397 3443 585 3502 dominatores
621 3450 647 3500 et
677 3441 832 3506 subiectos;
870 3441 943 3499 solos
979 3430 1050 3499 oero'
1077 3439 1293 3516 Lanpobardos,

292 3556 409 3615 Italiam
431 3555 581 3632 antiquam
603 3555 710 3614 artium
731 3554 859 3629 rapinam
882 3561 1018 3624 tenentes,
1056 3554 1098 3612 rei
1128 3553 1296 3613 stractoriae

292 3677 462 3732 momentum
490 3666 622 3738 sensisse,
650 3668 774 3745 leposque
803 3667 841 3726 ad
862 3685 922 3724 rem
944 3666 1067 3736 dedisse,
1102 3684 1174 3744 qaae
1197 3665 1295 3724 saltem

291 3783 414 3862 probant
442 3779 587 3839 teterrima
615 3781 665 3839 illa
696 3788 788 3838 aetate
818 3779 982 3840 arcbitectos
1014 3787 1098 3857 atque
1128 3785 1291 3842 structores.

293 3897 383 3956 Italos
406 3865 508 3954 ueteres
529 3893 627 3970 faisse,
654 3902 679 3951 et
702 3903 768 3952 tunc
792 3892 924 3971 temporis
947 3893 978 3950 in
1000 3891 1090 3951 Italia
1106 3892 1193 3969 plura
1216 3890 1294 3950 acdi-

294 4009 361 4088 fieia
382 4017 407 4066 ct
429 4007 532 4066 minori
550 4007 663 4064 inscitia
687 4013 829 4072 concisae,
862 4025 947 4084 quam
966 4007 1043 4082 apud
1061 4013 1173 4064 catenas
1193 4011 1294 4080 pmtes.

384 4147 455 4224 ⁴inp.
484 4149 685 4210 Taurinorum.
711 4146 779 4208 Kal.
805 4146 908 4207 Martii
927 4143 1163 4210 MDCCCXLVI.
