3022 5144
519 541 656 588 commu
679 541 747 591 cm.
766 537 834 582 ss-
847 539 894 600 roc.
1222 527 1261 590 il

284 688 350 764 (ll.)
375 693 435 750 Μ.
457 691 487 748 Si
509 691 571 765 quis
587 693 672 750 elium
686 693 836 765 pulsaverit
849 692 885 750 de
899 709 978 751 servo
991 709 1041 752 suo
1052 702 1100 752 ent
1110 695 1262 765 aldionem,

192 790 280 862 quod
304 790 406 846 lurtum
428 797 475 847 aut
496 790 678 848 homicidium
704 798 752 848 aut
772 792 886 865 aliquod
907 793 1010 850 malum
1032 793 1150 862 fecissit,
1181 793 1204 850 si
1226 795 1265 850 vi·

66 905 68 910 ’
151 967 153 970 Ι
191 894 314 943 rentem
336 889 397 960 ipso
418 903 497 944 servo
518 894 566 944 eut
585 889 726 944 aldionem
748 890 951 962 compulsavit
978 898 1006 947 et
1026 891 1262 964 conpellationem

192 985 279 1056 lecit,
304 986 385 1042 iaciat
406 986 430 1042 ei
449 985 585 1058 iustitiam
606 987 776 1059 quandoque
798 988 922 1059 pulsatus
943 987 1034 1044 luerit.
1062 989 1131 1046 Nam
1152 989 1174 1044 si
1197 974 1264 1045 dum
1304 974 1308 981 ’

190 1082 260 1155 ipse
286 1099 380 1139 servus
410 1083 547 1139 advixerit
574 1084 719 1140 dominum
750 1084 808 1156 ejus
839 1101 896 1140 non
914 1072 1084 1157 pulsaverit,
1119 1085 1171 1143 nisi
1200 1095 1265 1159 post

191 1187 323 1238 mortem
344 1180 415 1236 servi
436 1188 482 1236 aut
503 1181 624 1237 aldionis
653 1181 738 1254 ipsius
760 1182 894 1254 quesierit
924 1201 938 1238 a
966 1183 1080 1239 domino
1101 1185 1159 1257 ejus
1187 1192 1217 1240 ut
1237 1185 1262 1240 ei

188 1279 335 1352 justitiam
365 1279 465 1343 iaciat,
490 1279 663 1335 decrevimus
684 1287 714 1334 ut
736 1279 841 1336 nullam
869 1281 1027 1337 facundiam
1050 1283 1149 1338 habear
1171 1283 1263 1355 requi·

191 1377 294 1448 rendi,
317 1378 340 1433 si
362 1377 471 1433 vivente
491 1393 571 1432 servo
593 1383 639 1433 aut
655 1377 796 1433 aldionem
819 1393 875 1432 non
892 1379 1011 1450 pulsavit
1029 1380 1173 1436 dominum
1185 1382 1260 1454 ejus:

193 1475 267 1548 quia
290 1475 390 1548 injuste
412 1474 495 1530 nobis
512 1475 649 1547 apparuit,
672 1480 703 1531 ut
720 1481 831 1546 posteus
853 1491 931 1531 servo
953 1477 1152 1534 autaldionem
1171 1479 1262 1552 ipsum

193 1573 346 1646 inquirere
367 1588 424 1627 non
445 1577 546 1644 potest,
571 1576 602 1627 ut
621 1571 645 1627 ei
668 1571 789 1643 aliquam
806 1571 941 1643 justitiam
965 1574 1053 1633 iaciat.

282 1667 361 1744 (Ill.)
393 1671 458 1727 98.
490 1669 520 1724 Si
541 1685 634 1724 servus
655 1668 853 1741 cujuscumque
873 1671 1002 1726 ancillam
1024 1673 1137 1729 alterius
1157 1673 1260 1738 tolerit,

195 1775 227 1824 et
249 1767 382 1824 dominus
403 1767 520 1823 ancillae
542 1782 603 1822 eam
631 1766 801 1822 libertaverit
833 1775 861 1822 et
888 1768 992 1824 emund
1020 1768 1135 1838 lecerit,
1166 1779 1215 1826 aut
1238 1769 1262 1826 si

195 1883 264 1922 eam
286 1864 443 1921 vindederit
471 1870 499 1919 et
519 1863 567 1936 qui
597 1879 658 1919 eom
685 1863 751 1920 emit
779 1865 878 1920 doloso
899 1864 993 1922 animo
1014 1867 1203 1932 libertaverit,
1235 1875 1263 1922 et

195 1978 296 2019 seruus
311 1961 415 2033 ipsein
430 1961 577 2016 servicium
589 1962 783 2034 permanserit,
807 1963 913 2020 amittat
930 1963 988 2035 ipsa
1004 1964 1159 2020 libertatem
1171 1979 1260 2034 sunm,

195 2067 227 2116 et
249 2062 286 2116 sit
306 2059 435 2115 ancillam
456 2057 548 2129 rcgis;
570 2066 597 2114 et
618 2058 678 2131 ipse
700 2059 747 2132 qui
768 2076 829 2116 eam
850 2061 1020 2117 libertaverit
1041 2070 1182 2134 conponat
1202 2061 1261 2132 regi

196 2158 285 2214 aliam
308 2157 408 2225 talem,
431 2164 478 2213 aut
498 2156 624 2228 precium
645 2163 780 2229 quantum
801 2158 861 2230 ipsa
883 2159 1016 2228 valuerit,
1041 2176 1075 2215 eo
1096 2160 1171 2231 quod
1194 2175 1261 2214 con-

193 2256 308 2311 ludium
329 2255 405 2311 lecit.
448 2254 548 2310 Servus
568 2271 635 2310 vero
657 2254 716 2327 ipse
738 2255 774 2310 sit
794 2256 822 2310 in
844 2262 1009 2327 potestatem
1028 2257 1135 2314 domini
1157 2257 1209 2326 sui,
1233 2264 1261 2313 et

196 2352 330 2408 ancillam
353 2351 441 2423 ipsam
458 2351 540 2409 iaciat
556 2352 687 2408 dominus
705 2354 775 2409 servi
797 2369 875 2416 suam
891 2369 954 2409 cum
973 2355 1102 2426 pretium,
1127 2363 1174 2412 aut
1193 2371 1260 2428 qua·

195 2451 265 2506 liter
285 2449 343 2519 regi
366 2450 493 2521 optinere
514 2450 646 2522 potuerit.

282 2545 374 2620 (llll.)
406 2549 474 2604 co.
500 2548 543 2603 De
571 2563 659 2619 puero
687 2546 758 2602 intra
788 2554 906 2603 oetatem
934 2547 1057 2604 decrerit
1083 2549 1260 2606 clementiam

197 2651 325 2702 nostram
347 2661 408 2701 cum
430 2645 531 2700 nostris
548 2645 689 2716 judicibus
710 2645 752 2700 vel
774 2644 888 2716 reliquis
908 2647 1118 2717 Langobardis,
1137 2655 1171 2704 ut
1190 2649 1262 2706 sicut

195 2744 227 2799 in
250 2743 335 2798 alium
358 2742 500 2800 hominem
521 2743 556 2798 de
577 2745 660 2800 rebus
682 2743 738 2799 suis
760 2742 827 2798 dum
848 2743 920 2799 intra
948 2751 1066 2800 aetatem
1092 2753 1134 2801 est
1154 2746 1260 2802 donare

197 2857 258 2896 non
281 2845 389 2912 potest,
422 2839 461 2896 ita
482 2857 533 2897 uec
553 2839 613 2912 regi
634 2841 741 2897 donare
761 2840 851 2912 possit
871 2848 1021 2914 antequem
1050 2843 1085 2898 ad
1108 2843 1259 2914 legitimam

197 2935 345 3010 perveniat
381 2943 519 3004 aetatem3
562 2939 627 3011 quia
657 2939 691 2994 de
726 2955 837 2996 causam
867 2939 947 2998 istam
977 2941 1063 2997 multe
1094 2939 1260 2996 intentionis

197 3034 323 3091 luerunt.

280 3128 337 3206 (V.)
358 3133 450 3189 1⁰0.
472 3131 545 3186 Nulli
567 3130 603 3186 sit
623 3130 763 3188 licentiam
786 3133 907 3204 qualerit
927 3133 1088 3198 mulierem,
1112 3133 1260 3190 mundium

199 3208 260 3303 ejus
280 3230 386 3286 habens
407 3229 436 3285 in
459 3235 641 3301 potestatem,
672 3235 737 3302 post
766 3235 885 3286 mortem
914 3231 1006 3288 mariti
1036 3231 1077 3288 sui
1106 3237 1171 3287 ante
1192 3231 1258 3287 anni

197 3325 323 3401 spacium
346 3344 407 3382 eam
429 3331 519 3383 velare
545 3333 592 3384 aut
612 3327 778 3383 monachico
799 3327 895 3384 habito
916 3328 1043 3386 induere.
1086 3330 1165 3386 Etsi
1187 3331 1256 3402 ipsa,

198 3441 248 3481 sua
269 3425 448 3494 volontatem,
472 3431 535 3481 ante
556 3424 622 3481 anni
640 3425 765 3497 spacium
784 3423 839 3481 hoc
859 3425 950 3483 lacere
966 3426 1144 3498 disposuerit,
1166 3427 1260 3485 veniat

199 3523 235 3579 ad
256 3522 388 3595 palatium
409 3521 484 3593 regi,
515 3529 543 3578 et
564 3523 637 3579 dicat
657 3521 822 3579 clementiae
843 3523 901 3595 ejus
922 3526 1091 3581 volontatem
1111 3541 1209 3590 suam;
1231 3531 1260 3580 et

199 3620 369 3690 interrogata
400 3621 442 3676 vol
472 3619 604 3692 inquisita
625 3619 776 3690 diligenter
796 3636 812 3675 a
833 3637 909 3692 rege,
943 3638 993 3695 per
1012 3623 1071 3696 ejus
1092 3623 1257 3697 permissum

200 3717 317 3790 accipiat
338 3716 487 3788 religiones
509 3719 643 3775 velamen.
665 3716 695 3773 Si
715 3733 782 3773 vero
803 3727 867 3775 ante
888 3721 956 3777 anni
972 3721 1095 3794 spacium
1116 3721 1175 3776 sine
1191 3720 1259 3793 'per-

200 3817 314 3872 missum
335 3815 407 3886 regis
429 3814 490 3887 quis
512 3815 565 3870 hoc
581 3814 669 3874 lacere
689 3818 899 3890 presumpserit,
923 3828 1067 3893 conponat
1085 3818 1142 3889 regi
1166 3817 1258 3874 widri-

200 3913 258 3984 gild
284 3928 380 3978 suum;
412 3912 528 3968 mundio
554 3929 619 3968 vero
640 3913 764 3970 mulieris
794 3916 837 3972 vel
858 3933 901 3972 res
922 3917 980 3991 ejus
1001 3917 1130 3990 propriae
1150 3917 1206 3974 sint
1226 3915 1255 3972 in

200 4016 364 4085 potestatem
385 4009 489 4082 palatii.
524 4009 596 4079 Quia
617 4010 665 4084 qui
686 4011 739 4068 hoc
760 4020 824 4070 ante
846 4016 911 4072 anni
934 4016 1056 4090 spacium
1077 4014 1167 4072 lacere
1189 4031 1258 4088 que-

201 4109 247 4180 rit,
281 4115 394 4182 propter
414 4109 523 4180 logrum
544 4109 679 4181 pecuniae
707 4111 747 4166 vel
769 4113 871 4169 saeculi
901 4114 981 4188 hujus
1002 4113 1181 4184 cupiditatem
1201 4114 1256 4170 lroc

200 4208 291 4266 lacere
313 4207 418 4280 querit,
443 4224 507 4264 nam
529 4223 585 4263 non
609 4209 645 4264 cb
667 4225 791 4264 amorem
818 4211 887 4275 Dei,
916 4217 963 4267 aut
989 4211 1098 4267 animae
1124 4211 1183 4285 ejus
1203 4213 1256 4270 sal-

200 4307 335 4371 vandam3
368 4305 432 4378 quia
454 4312 656 4378 postmortem
678 4307 728 4363 riri
750 4307 810 4372 sui,
841 4307 906 4364 dum
927 4308 1008 4365 dolor
1028 4325 1126 4366 recens
1146 4315 1202 4380 est,
1224 4310 1254 4367 in

201 4405 282 4478 quale
309 4409 415 4476 partem
446 4404 562 4460 voluerit
582 4404 706 4462 animum
728 4405 786 4478 ejus
807 4404 942 4464 inclinare
963 4413 1071 4480 potest:
1106 4424 1170 4467 rtem
1191 4425 1254 4466 cum

201 4502 231 4560 in
251 4518 281 4560 se
301 4499 454 4572 revertitur,
477 4509 505 4560 et
525 4501 615 4562 carnis
636 4502 822 4562 delictetiouis
843 4502 883 4562 eis
903 4503 1056 4576 obvenerit,
1080 4505 1156 4582 quod
1176 4506 1255 4584 pejus
