3022 5144
240 431 302 498 tte
665 448 777 498 meurs
800 449 892 498 mors

315 597 382 676 (Π.)
402 601 443 659 θ.
463 599 679 658 Reminiacimur
699 599 776 656 anim
796 601 862 673 qula
882 598 1007 658 anterior
1020 599 1136 660 Ediotns
1152 600 1298 658 continere
1353 678 1360 692 ι

237 697 411 771 dignoscitur
431 697 467 754 de
487 697 584 754 liberis
605 697 718 754 leminis
739 713 795 769 que
815 696 901 754 servis
922 698 1097 770 copulantur,
1121 706 1151 756 ut
1172 699 1298 772 quaudo-

236 814 292 871 que
311 795 417 852 inventi
439 801 548 863 essent,
575 795 605 850 in
626 794 740 853 servitio
760 794 972 852 reducerentur.
1017 796 1074 852 Sed
1101 797 1166 870 quia
1189 796 1298 854 thttto·

187 923 189 928 ·
237 911 319 953 wlco
340 909 390 950 rex
410 892 529 948 instituit
553 891 589 948 de
617 891 660 948 his
690 890 739 963 qni
767 907 816 964 per
837 891 952 964 triginta
972 909 1061 950 annos
1085 894 1115 951 in
1141 894 1298 952 libertatem

238 993 377 1057 viverent,
412 997 441 1046 ut
466 991 495 1048 in
526 991 637 1048 servitio
665 1007 722 1048 uon
749 992 1091 1064 replicarenturftamen
1121 993 1187 1065 quia
1208 998 1299 1049 curtes

237 1092 316 1162 regia
337 1087 474 1162 possessio
496 1103 554 1144 non
569 1087 679 1160 inpedit
699 1088 753 1144 nisi
774 1105 825 1161 per
841 1091 985 1160 sexaginta
999 1091 1296 1156 annorumcurricula,

237 1188 308 1246 sicut
327 1188 448 1244 domnus
469 1186 632 1242 Lrurenauu
653 1202 702 1242 rex
723 1185 857 1246 institnitt
884 1188 950 1245 ideo
971 1188 1164 1257 delinivimus,
1192 1188 1216 1244 si
1236 1187 1300 1261 quis

238 1286 342 1344 lemine
363 1284 515 1341 admodum
535 1282 664 1340 inventae
686 1283 769 1340 luerit
794 1301 849 1358 que
871 1285 924 1341 sibi
945 1285 1016 1344 servi
1038 1289 1249 1359 copulaverunt,
1272 1292 1301 1342 ot

237 1400 289 1458 per
309 1381 453 1452 sexaginta
474 1395 564 1437 annos
583 1380 614 1435 in
635 1379 792 1438 libertatem
812 1391 1036 1454 permanserunt,
1060 1384 1118 1456 ipsa
1139 1391 1167 1439 et
1184 1383 1235 1450 lilii
1256 1384 1300 1439 vel

238 1480 296 1537 filie
317 1494 413 1536 earnm
433 1483 481 1534 aut
500 1476 549 1549 qui
570 1477 605 1534 de
627 1477 695 1548 ipsis
716 1481 854 1550 procreati
875 1480 981 1536 inventi
1003 1480 1116 1550 luerint,
1139 1471 1231 1536 nullus
1251 1496 1300 1538 eos

237 1577 267 1634 iu
279 1575 391 1634 sortitio
408 1574 544 1646 replicare
557 1581 725 1647 praesumat,
742 1576 792 1632 sed
810 1576 840 1632 in
854 1576 1011 1636 libertatem
1023 1595 1102 1636 suam
1117 1585 1301 1650 permaneant

239 1674 309 1732 sicut
337 1689 389 1746 per
415 1670 559 1743 sexaginta
590 1687 680 1729 anuos
709 1681 932 1744 permanserunt.
977 1675 1007 1732 Si
1034 1681 1127 1732 autem
1148 1675 1300 1732 admodum

177 1841 180 1852 Ι
239 1770 440 1845 presumpserit
475 1771 675 1844 cuiuscumque
704 1788 798 1829 servus
832 1773 1006 1832 arimanniam
1037 1774 1139 1830 ducere
1169 1789 1298 1842 uxorem,

238 1869 279 1928 sio
298 1869 401 1949 exindo
423 1869 504 1926 detur
520 1867 669 1941 judicium,
691 1869 764 1926 sicut
784 1870 907 1926 anterior
928 1871 1043 1929 Edictus
1064 1870 1200 1928 continet.

319 1965 402 2042 (ΠΙ.)
423 1968 457 2024 d.
479 1966 509 2023 Si
530 1967 699 2038 quicumque
717 1967 918 2037 Langobardus
936 1970 1138 2052 qualecumque
1155 1967 1300 2026 bominem

239 2081 349 2124 servum
369 2072 417 2122 aut
436 2064 580 2121 aldionem
602 2079 684 2120 suum
704 2063 795 2120 iacere
823 2065 959 2135 voluerit,
993 2073 1021 2123 et
1048 2067 1109 2138 ipse
1136 2065 1172 2122 ad
1195 2065 1299 2137 palatio

238 2164 344 2222 tenerit
365 2161 607 2235 proclamandum,
630 2168 659 2218 et
675 2160 802 2233 jussione
823 2162 897 2233 regis
914 2169 1027 2235 accepta
1040 2163 1133 2220 eidem
1151 2162 1301 2236 portaverit

238 2267 269 2318 ut
289 2266 337 2318 aut
356 2260 416 2332 ipse
434 2257 551 2331 judicit,
583 2264 631 2314 aut
650 2259 743 2316 veniat
761 2259 791 2315 iu
812 2261 953 2332 presentia
973 2261 1047 2332 regis
1067 2262 1111 2318 vel
1138 2261 1174 2317 de
1192 2260 1300 2334 judices

239 2375 303 2416 cum
323 2359 397 2430 ipso,
416 2356 555 2430 judicium
576 2357 754 2423 habendum
776 2359 885 2432 etipse
906 2360 1071 2430 neglexerit,
1093 2367 1122 2416 et
1142 2358 1236 2416 lurore
1255 2375 1301 2416 ac·

239 2463 320 2528 cepto
341 2455 364 2512 si
384 2471 451 2512 eum
469 2454 635 2524 baltederit,
658 2461 722 2524 aut,
745 2457 823 2528 quod
843 2457 934 2526 obsit,
957 2457 1105 2527 occiserit,
1134 2457 1207 2514 sicut
1226 2473 1302 2514 nuno

238 2554 341 2611 lactum
362 2569 397 2608 ex
417 2552 539 2626 peccatis
558 2568 620 2610 asse
639 2553 834 2625 cognovimus,
856 2563 999 2627 conponat
1014 2556 1154 2627 widrigild
1168 2571 1249 2620 suum
1270 2554 1300 2612 in

240 2650 381 2724 palatium.
409 2650 489 2706 Etsi
510 2650 570 2722 ipse
591 2651 676 2708 bomo
697 2652 774 2709 vivus
793 2652 887 2723 luerit,
910 2660 938 2709 et
955 2655 1013 2727 Jam
1029 2670 1123 2710 servus
1144 2661 1191 2710 aut
1211 2652 1301 2710 aldius

239 2749 285 2819 sit,
308 2747 407 2821 perdat
427 2764 492 2805 eum
512 2765 577 2804 cum
596 2749 678 2806 rebus
707 2750 781 2821 ejus,
814 2756 842 2806 et
862 2750 891 2807 in
913 2752 1040 2808 libertate
1060 2758 1223 2824 permaneat
1241 2751 1302 2823 ipse

239 2849 282 2904 vel
303 2845 355 2902 lilii
375 2845 479 2918 ipsius:
502 2845 612 2908 sivero
634 2846 718 2903 luerit
738 2845 825 2918 libor,
848 2856 878 2904 et
897 2848 1036 2919 widrigild
1056 2865 1137 2906 suum
1159 2854 1302 2920 conponat

239 2942 299 3013 regi
322 2949 350 2998 et
369 2943 393 2998 si
413 2959 479 3000 eum
498 2943 648 3000 bettederit
667 2944 693 3000 ei
707 2953 851 3017 conponat
871 2945 942 3002 sicut
962 2946 998 3003 ad
1013 2945 1133 3002 liberum
1146 2946 1299 3006 bominem.

239 3041 310 3097 Nam
331 3040 355 3096 si
375 3041 466 3113 ipsum
488 3041 633 3110 occiderit,
655 3057 706 3113 per
726 3040 780 3097 boc
801 3042 969 3115 capitulum,
992 3042 1063 3099 sicut
1082 3059 1166 3114 supra
1186 3043 1298 3112 legitur,

240 3145 383 3212 conponat
402 3145 523 3196 mortem
544 3139 618 3196 illius
638 3138 762 3207 insimul,
786 3147 813 3198 et
830 3139 968 3210 widrigild
990 3157 1070 3196 suum
1085 3140 1145 3210 ugi
1166 3156 1216 3213 pro
1239 3156 1301 3212 pre·

240 3238 446 3310 sumptionem
472 3238 496 3296 si
517 3252 583 3294 vero
605 3236 694 3294 aldius
715 3236 799 3292 luerit
819 3245 866 3294 aut
885 3254 1001 3307 servus,
1029 3238 1128 3310 perdat
1147 3238 1221 3294 filios
1242 3238 1301 3309 ejus

240 3347 269 3397 et
288 3355 333 3396 res
353 3336 450 3408 ipsius,
474 3343 503 3392 el
522 3341 675 3408 conponat,
699 3340 729 3392 ut
740 3334 871 3405 diximus,
894 3335 1034 3406 widrigild
1050 3353 1130 3392 suum
1146 3336 1174 3393 iu
1187 3336 1299 3408 palatio.

321 3432 417 3509 (llll.)
439 3435 477 3492 8.
499 3432 637 3490 Omnibus
658 3432 734 3490 enim
756 3450 827 3506 pene
846 3440 943 3488 notum
959 3439 1009 3498 est,
1034 3435 1203 3506 quinosque
1226 3449 1300 3490 nunc

241 3552 292 3609 per
313 3550 396 3607 prava
417 3533 599 3606 cupiditatem
621 3532 798 3589 deducebant
817 3532 940 3590 hominis
960 3539 1164 3589 sacramentum
1186 3532 1221 3587 de
1241 3547 1301 3587 car-

242 3636 298 3692 tola
320 3631 483 3689 vinditionis
503 3648 558 3703 que
579 3632 650 3686 lacta
671 3639 761 3700 erant,
785 3639 815 3688 et
833 3630 1063 3704 conpellabantur
1084 3632 1160 3702 quod
1181 3631 1300 3703 pretium

241 3733 403 3805 conpletum
424 3746 483 3785 non
504 3729 639 3786 baberent
660 3731 708 3802 qui
729 3731 803 3802 ipsas
824 3732 940 3788 cartulas
963 3731 1102 3787 habebant
1125 3737 1152 3784 et
1172 3745 1216 3785 res
1236 3745 1301 3800 pos-

241 3832 387 3894 sidebant;
409 3836 437 3885 et
457 3828 496 3886 sio
507 3835 646 3900 emptores
659 3829 835 3886 deducebant
852 3836 1066 3892 sacramentum,
1089 3829 1166 3900 quod
1180 3827 1300 3900 pretium

242 3930 404 4002 conpletum
433 3927 589 3984 habuerint.
633 3928 716 3995 Quod
744 3927 825 3984 nobis
853 3935 881 3982 el
906 3927 1007 3982 nostris
1029 3927 1170 3999 judicibus
1200 3927 1299 3982 durum

242 4045 302 4086 esse
322 4026 486 4098 conparuit3
515 4024 581 4097 quia
601 4027 648 4097 qui
671 4041 721 4098 pro
744 4025 909 4096 opinionem
929 4042 1007 4082 suam
1032 4012 1125 4097 jurare
1153 4026 1298 4092 nolebant,

241 4144 293 4200 pro
315 4130 519 4182 sacramentum
539 4139 619 4179 suum
641 4124 748 4196 aliquid
770 4125 883 4190 dabant,
907 4133 935 4180 el
951 4124 1090 4181 habebant
1101 4122 1299 4180 damnietatem

241 4225 303 4282 siue
324 4240 423 4280 causa:
447 4230 475 4277 et
502 4222 628 4292 naufragi
650 4222 771 4278 bominis
800 4230 946 4294 propterea
975 4224 1035 4295 ipsa
1066 4221 1300 4294 conpellationem

242 4323 392 4393 faciebant,
415 4329 446 4377 ut
465 4322 573 4394 aliquid
594 4338 692 4377 eorum
713 4338 764 4395 pro
786 4322 847 4394 ipso
869 4329 1041 4378 sacramento
1064 4321 1161 4376 tollere
1183 4317 1298 4392 possint.

243 4423 311 4479 ldeo
332 4421 525 4492 decernimus,
555 4427 586 4478 ut
605 4421 628 4478 si
649 4420 712 4494 quis
733 4422 837 4478 cartola
858 4419 1020 4476 vireditiouis
1041 4419 1123 4476 alicui
1152 4417 1187 4473 de
1207 4416 1300 4489 aliqua
