3048 5130
561 539 699 584 nnrcrmr
722 541 789 585 usn.
804 534 831 580 ru
848 559 872 566 -
885 536 921 581 ss.
1108 589 1111 594 ,
1241 524 1283 590 85

226 687 377 744 neclictum
397 687 519 757 fecissit,
552 695 664 762 preveat
684 695 887 748 sacramentnm
909 690 987 765 quod
1014 692 1166 753 neclictum
1186 693 1285 751 sdic-

226 785 398 857 quirendum
420 804 477 843 non
500 786 613 854 fecissit,
637 785 690 844 nisi
713 787 791 859 quod
812 788 937 848 iuvenire
959 805 1016 846 non
1040 790 1179 862 potuissit,
1203 799 1231 847 et
1250 791 1285 848 sit

225 884 389 950 ahsolutus3
419 885 539 958 quodsi
558 886 652 956 jurare
673 901 758 941 ausus
780 903 837 943 non
860 887 956 957 luerit,
986 895 1129 960 conponat
1150 894 1283 961 utsupra

225 981 318 1053 ipsum
339 983 444 1039 lurtum
467 983 501 1038 de
522 981 636 1055 proprio
658 998 719 1040 suo.
1187 1033 1188 1041 ,

305 1078 411 1152 (XIII.)
433 1082 495 1138 st.
517 1080 547 1136 Si
569 1080 632 1152 quis
647 1096 757 1136 carrum
778 1087 806 1137 et
826 1080 911 1137 hores
932 1080 962 1137 in
978 1081 1045 1140 silva
1067 1099 1116 1140 sua
1133 1083 1281 1154 invenerit,

224 1182 253 1234 et
272 1176 415 1247 lignamen
436 1177 612 1252 superposito
634 1186 682 1233 aut
703 1194 768 1234 cum
790 1178 1025 1253 qualemcumque
1053 1197 1113 1236 rem
1133 1180 1280 1247 honorato,

225 1281 253 1331 ct
273 1274 348 1346 ipsos
368 1277 453 1332 hoves
474 1282 523 1332 aut
549 1291 628 1332 carro
650 1275 887 1348 conprehenderit
917 1283 945 1332 et
974 1278 1010 1334 ad
1031 1278 1173 1351 propriam
1202 1296 1282 1337 suum

225 1372 349 1443 duxerit,
385 1389 441 1428 non
464 1373 499 1428 sit
519 1372 696 1445 culpavelis,
719 1389 770 1446 pro
800 1388 833 1428 eo
867 1375 945 1446 quod
975 1375 1005 1431 in
1033 1377 1118 1432 rebus
1139 1376 1197 1433 suis
1217 1393 1282 1434 eum

191 1487 194 1494 ·
223 1470 338 1528 invenit.

303 1565 420 1643 (XIIII.)
461 1569 523 1625 83.
565 1569 606 1623 lle
628 1566 760 1623 omnihus
777 1566 939 1638 judicibus,
968 1569 1082 1639 quaudo
1109 1568 1139 1625 in
1161 1569 1282 1628 exercito

223 1665 364 1722 ambolare
382 1666 532 1723 necessitas
554 1665 646 1733 luerit,
671 1680 729 1720 non
745 1663 886 1720 dImittant
905 1663 1124 1735 alioshomenis,
1148 1666 1201 1722 nisi
1223 1673 1283 1724 tan-

223 1763 339 1819 tumodo
362 1764 411 1835 qui
433 1779 522 1819 unum
543 1763 648 1818 cavallo
670 1761 786 1830 hahent,
809 1761 863 1818 hoc
884 1767 926 1818 cst
946 1760 1074 1819 homInes
1096 1779 1159 1833 sex,
1182 1770 1211 1820 et
1231 1767 1283 1822 tol-

223 1861 282 1916 lant
302 1861 337 1916 ad
350 1876 460 1918 saumas
476 1877 540 1918 suas
560 1860 636 1932 ipsos
646 1861 765 1918 cavallos
786 1875 850 1924 sexa
873 1866 901 1914 et
921 1859 956 1915 de
969 1860 1092 1916 minimis
1107 1861 1279 1931 hominihus,

223 1957 271 2029 qui
294 1974 345 2034 nec
366 1975 442 2015 casas
464 1975 516 2015 nec
538 1966 624 2014 terras
645 1973 708 2014 suas
729 1957 842 2026 hahent,
866 1956 1007 2012 dimittunt
1021 1957 1150 2014 homenis
1171 1959 1279 2030 docem,

222 2061 249 2111 et
276 2055 329 2128 ipsi
360 2055 486 2113 homenis
515 2056 550 2112 ad
583 2055 674 2128 ipsum
699 2055 824 2126 judIcem
853 2054 954 2110 iaciant
979 2070 1029 2127 per
1056 2056 1203 2114 ebdomata
1225 2073 1280 2114 una

222 2168 321 2226 operas
343 2161 405 2220 tres,
431 2155 609 2227 usquedum
631 2153 689 2226 ipse
708 2152 795 2225 judex
818 2152 853 2208 de
874 2151 996 2209 exercito
1017 2153 1172 2213 revertitur.
1201 2154 1280 2212 Scul-

223 2251 302 2308 dehis
323 2268 388 2308 vcro
410 2251 531 2309 dimittat
551 2251 679 2308 homenis
701 2257 755 2306 tres
776 2251 825 2323 qui
847 2251 968 2308 cavallus
988 2249 1110 2321 hahent,
1134 2258 1162 2308 et
1182 2254 1282 2309 tollent

221 2349 256 2404 ad
278 2365 388 2406 saumas
408 2365 472 2406 suas
492 2351 568 2422 ipsos
590 2349 709 2404 cavallos
730 2355 804 2414 tres3
834 2348 917 2404 etde
938 2347 1095 2406 minorihus
1116 2348 1279 2406 hominihus

222 2447 362 2505 dimittant
381 2447 509 2504 homenis
530 2449 674 2519 quiaque,
698 2446 747 2518 qui
776 2445 879 2502 laelant
898 2445 923 2502 ci
946 2461 1043 2518 operas
1064 2448 1132 2504 dum
1158 2448 1218 2521 ipse
1235 2465 1280 2504 re-

221 2561 316 2602 versus
336 2546 436 2614 luerit,
469 2545 541 2600 sicut
568 2545 602 2600 ad
630 2544 757 2616 judicem
789 2544 936 2613 dixemus,
972 2558 1023 2615 per
1053 2545 1200 2605 ebdomata
1223 2566 1279 2606 una

222 2659 319 2715 operas
340 2651 403 2700 tres.
436 2643 571 2700 Saltarius
592 2642 708 2714 quidem
729 2643 808 2698 tollat
828 2643 932 2698 cavallo
955 2658 1031 2713 uno,
1060 2645 1142 2701 etde
1163 2646 1280 2705 minori·

221 2742 273 2797 hus
293 2741 343 2814 qui
374 2742 399 2796 ei
421 2757 521 2813 operas
542 2740 624 2798 iaciat
644 2741 724 2796 tollat
745 2739 857 2796 homIne
880 2756 959 2805 uno,
983 2747 1011 2796 et
1031 2741 1112 2798 iaciat
1132 2743 1158 2800 ei
1180 2760 1279 2817 operas

220 2839 291 2895 sicut
311 2854 394 2911 supra
415 2838 529 2908 legitur.
552 2837 630 2894 Etsi
653 2837 772 2910 amplius
790 2837 877 2910 judex
899 2839 941 2894 rel
959 2839 1103 2896 sculdahis
1130 2848 1178 2898 aut
1197 2844 1280 2902 salta·

220 2936 278 2994 rius
299 2937 439 2994 dimittere
460 2936 660 3010 presumpserit
676 2936 804 2993 homines
825 2934 886 2992 sine
907 2936 981 3006 regis
997 2937 1133 3009 permisso
1154 2947 1202 2996 aut
1218 2940 1278 3012 jus-

219 3034 308 3103 sione,
331 3034 380 3107 qui
400 3035 429 3105 ia
451 3034 572 3090 exercito
594 3034 737 3090 ambolare
759 3033 847 3098 davit,
870 3040 1013 3107 conponat
1034 3034 1154 3108 witigild
1174 3053 1226 3094 suo
1246 3039 1276 3096 in

220 3147 300 3203 sagro
322 3133 435 3205 palatio.

298 3230 373 3288 Haec
393 3234 486 3287 oracio
505 3235 627 3302 superias
648 3232 859 3301 conpraehensa,
890 3248 959 3301 quac
979 3238 1060 3288 anteo
1078 3232 1277 3302 perjudicium

219 3331 298 3400 finito
317 3338 342 3385 ct
362 3335 463 3386 statuto
483 3338 544 3386 suat
565 3338 589 3385 ct
609 3330 753 3384 terminum
780 3331 897 3398 positam
917 3336 971 3396 cst,
1003 3331 1042 3386 ss'c
1061 3337 1190 3385 moneant
1208 3333 1277 3388 deut

221 3436 301 3486 caleo
321 3435 384 3484 sunt
404 3435 524 3492 statuto,·
547 3445 616 3498 qaue
637 3435 726 3483 actem
747 3429 844 3482 aamdo
858 3435 1015 3484 enascens
1035 3429 1273 3495 determinentur,

219 3527 286 3581 riost
306 3542 378 3582 ncnc
397 3529 428 3581 ic
446 3527 563 3597 prescrrtr'
583 3524 677 3580 Edisti
695 3525 827 3594 papicum
846 3525 1000 3594 adficimur.

558 3655 688 3694 usaticis
712 3655 748 3694 nu
771 3654 843 3696 ANNO
865 3655 935 3699 xtttt.

447 3865 574 3919 INCIPIT
592 3867 637 3918 nu
656 3865 751 3922 Anno
770 3867 1044 3929 Quutuonucttw.

467 3991 601 4058 (Kalendis
620 3995 728 4054 martlts,
750 4004 816 4043 anno
836 3991 1026 4058 DCCXXVII.)

561 4114 754 4179 VOLUMEN
776 4115 924 4181 NONUM.

296 4239 361 4298 Jom
381 4243 451 4298 enias
472 4249 528 4298 octo
548 4243 651 4300 uicibus
670 4245 719 4299 illo
739 4245 770 4298 ia
790 4246 880 4300 actico
900 4243 992 4301 Edisti
1011 4259 1120 4316 corpore
1147 4264 1272 4305 caemcn-

219 4345 277 4396 tarc
304 4343 490 4412 providemus,
522 4335 599 4412 parae'
620 4344 753 4398 medianus
782 4341 839 4397 Deo
860 4349 884 4398 et
905 4342 980 4397 bonis
1002 4341 1153 4402 tomentum
1169 4349 1272 4419 placito

219 4454 282 4495 erre.
322 4437 406 4498 Modo
426 4441 534 4510 quidem
553 4456 610 4495 aaa
630 4457 690 4496 cum
709 4441 809 4496 nostris
824 4441 964 4512 judicibus
985 4448 1009 4496 et
1027 4442 1139 4513 solidatis
1160 4443 1270 4518 Lonpo-

220 4536 313 4593 bardis
331 4539 452 4608 fidelibus
471 4538 585 4607 nostris,
609 4539 672 4593 dioc
692 4539 868 4596 kalendorum
888 4541 1070 4611 martiorum,
1094 4557 1185 4614 anno,
1214 4542 1271 4600 Deo
