3048 5130
237 435 280 498 'ld
620 453 804 500 umnansrrnr
826 453 918 498 neers

237 607 286 662 dus
305 607 407 661 nostris
426 607 475 662 lieo
491 606 639 678 odjonpers
658 607 690 662 in
698 604 791 662 Edisti
811 605 966 664 curavimus
978 605 1095 676 popina,
1116 607 1148 660 s'n
1159 607 1294 662 volumine

237 705 345 776 quidem
374 710 466 772 secto,
497 705 570 774 qood
597 711 679 760 anteo
707 703 797 771 soom
822 703 913 759 multis
938 704 1183 773 supervenientibus
1205 705 1293 760 conss

237 802 379 858 omissum
402 802 433 856 s'd
453 809 490 857 est
509 803 540 857 to
558 803 664 872 primu

317 897 351 972 (l.
372 898 414 954 De
431 897 618 971 possessione.)
649 897 712 955 54.
744 897 774 954 Si
802 896 864 969 quis
895 897 1027 953 cartolam
1058 896 1225 954 donationis·
1245 915 1294 970 per

238 996 382 1066 parethinx
404 997 474 1054 sacta
496 1004 543 1052 aut
557 1013 609 1069 per
622 1003 780 1069 susceptum
796 995 940 1065 launegild
951 995 992 1050 vel
1009 993 1080 1050 forte
1094 995 1293 1067 conparatione

238 1094 452 1163 ostenderit,‚et
473 1111 517 1150 res
538 1095 611 1168 ipsas
632 1094 707 1152 unde
729 1094 831 1164 legitur
858 1110 915 1149 non
939 1092 1108 1165 possederit,
1138 1100 1166 1148 et
1194 1094 1295 1150 dixerit

238 1193 313 1265 quod
335 1193 362 1248 ei
382 1191 526 1249 monimen
548 1207 627 1249 suum
640 1193 815 1249 absentatum
830 1191 942 1248 suisset:
965 1189 989 1246 si
1010 1207 1060 1262 per
1073 1190 1186 1262 triginta
1204 1209 1293 1250 annos

235 1298 264 1347 et
284 1307 367 1364 super
378 1290 515 1363 possessio
537 1286 595 1363 ipsa
618 1291 709 1360 luerit,
733 1307 790 1346 non
812 1289 914 1346 habeat
929 1289 1059 1346 adversus
1081 1305 1144 1346 euru
1165 1290 1213 1362 qui
1231 1307 1295 1362 pos-

236 1388 309 1446 sedit
336 1387 464 1446 iacundia
495 1389 628 1462 loquendi
656 1405 720 1446 cum
747 1388 891 1446 monimen
920 1387 1011 1460 ipsum
1041 1388 1117 1460 quod
1147 1389 1294 1446 ostendere

237 1486 362 1553 ridetur,
387 1486 441 1542 nisi
462 1487 521 1560 ipse
543 1487 660 1544 tirmiter
679 1488 827 1559 possedeat
847 1487 894 1558 qui
916 1501 967 1558 per
987 1484 1101 1556 triginta
1121 1503 1211 1544 annus
1232 1505 1297 1560 pos-

237 1584 325 1650 sedit3
349 1585 489 1658 quiajam
511 1585 632 1657 gloriose
661 1585 795 1642 memorie
818 1583 994 1642 Geruowsrn
1015 1598 1080 1654 rege
1101 1600 1151 1656 per
1171 1602 1226 1641 ιιι
1247 1603 1296 1643 an-

237 1699 337 1739 norum
351 1685 489 1756 possessio
510 1683 666 1741 institutum
687 1689 747 1738 est:
771 1699 835 1739 narn
857 1681 880 1738 si
899 1683 971 1738 intra
984 1696 1039 1736 ιιι
1050 1697 1141 1737 annos
1157 1685 1294 1754 possessio

236 1780 296 1854 ipsa
323 1781 421 1852 luerit,
455 1781 630 1854 pontificium
660 1781 762 1838 habeat
798 1796 861 1836 oum
896 1778 1048 1836 monimen
1066 1795 1116 1835 suo
1144 1780 1294 1838 dicendum

236 1879 312 1952 quod
332 1880 468 1953 voluerit,
501 1887 528 1936 et
548 1880 607 1952 ipse
629 1878 677 1951 qui
698 1877 853 1950 possederit
873 1877 1026 1934 secundum
1047 1877 1177 1935 Edictum
1206 1879 1231 1935 ei
1252 1897 1295 1936 re·

237 1977 384 2050 spondeat.

316 2071 378 2148 (ΙΙ.)
408 2073 473 2131 55.
504 2071 534 2131 si
563 2073 626 2146 quis
657 2089 766 2129 servum
793 2089 873 2129 suum
902 2071 1056 2129 lullrealem
1083 2072 1250 2143 thingaveril
1269 2081 1297 2132 et

237 2172 341 2229 amund
361 2189 377 2227 a
397 2187 426 2228 se
448 2171 562 2235 iecerit,
594 2171 637 2252 vel
657 2157 834 2246 quocumque
857 2170 941 2226 modo
963 2187 1027 2226 eum
1049 2188 1064 2226 a
1085 2186 1114 2226 se
1136 2171 1292 2240 absolserit,

237 2270 265 2327 in
288 2286 373 2326 manu
394 2269 467 2340 regis
489 2268 630 2338 dandum,
660 2275 706 2325 aut
732 2271 761 2325 in
783 2267 900 2325 ecclesia
921 2267 995 2324 circa
1016 2270 1102 2324 altare
1122 2269 1292 2338 ducendum,

236 2376 264 2424 et
285 2373 381 2440 postea
402 2367 461 2439 ipse
482 2368 598 2424 libertus
614 2368 784 2423 voluntatem
796 2367 909 2438 patroni
930 2368 972 2423 sui
989 2365 1095 2432 lecerit,
1118 2367 1294 2425 manifestare

238 2468 334 2522 deveat
354 2465 469 2522 libertus
499 2465 558 2538 ipse
579 2466 735 2522 libertatem
756 2481 833 2522 suam
860 2464 953 2539 sepius
971 2463 1059 2538 judici
1085 2466 1168 2521 etad
1189 2465 1295 2522 vicinos

236 2580 311 2628 suos,
335 2564 412 2636 quod
432 2563 505 2619 liber
525 2571 552 2619 et
573 2564 714 2620 absolutus
735 2579 796 2619 esse
817 2564 943 2642 videtur3
965 2571 992 2620 et
1012 2571 1109 2637 postea
1125 2565 1202 2620 nullo
1225 2571 1295 2622 tem-

238 2680 306 2737 pore
336 2663 394 2735 ipse
424 2670 556 2735 patronus
583 2669 629 2720 aut
656 2663 774 2719 heredes
794 2662 853 2735 ejus
874 2670 970 2720 contra
991 2679 1055 2719 eum
1077 2662 1124 2735 qui
1152 2661 1294 2718 libertatus

237 2768 278 2818 cst
298 2760 436 2834 querellas
457 2759 566 2833 possint
585 2776 713 2826 movere,
746 2761 866 2817 dicendo
895 2761 970 2833 quod
992 2759 1018 2816 ei
1048 2761 1145 2816 deveat
1166 2760 1292 2830 obedire,

238 2876 289 2933 pro
310 2876 344 2914 eo
366 2858 443 2931 quod
463 2873 513 2914 sua
533 2864 632 2930 sponte
661 2873 711 2930 pro
733 2857 901 2914 beneficium
930 2857 965 2912 de
988 2858 1102 2915 domino
1124 2874 1174 2914 suo
1195 2859 1294 2915 volun-

238 2965 320 3014 tatem
342 2956 400 3028 ejus
422 2957 534 3026 lecerat,
557 2961 599 3012 set
618 2955 704 3011 firmis
726 2960 753 3011 et
773 2955 802 3011 in
824 2971 872 3012 sua
894 2961 1056 3029 permaneat
1076 2955 1200 3013 libertas.

318 3052 401 3128 (Ill.)
427 3054 493 3112 eu.
525 3054 555 3111 Si
576 3055 638 3127 quis
659 3053 744 3110 alium
766 3053 799 3109 de
829 3053 901 3109 llrrto
923 3053 1085 3125 pulsaverit,
1113 3061 1141 3110 et
1168 3070 1218 3126 per
1244 3069 1295 3127 pu-

238 3169 321 3226 gnam
343 3169 407 3210 eum
428 3153 524 3209 vicerit
545 3161 591 3209 aut
612 3151 682 3208 sorte
703 3167 754 3224 per
775 3150 947 3207 districtione
975 3169 991 3207 a
1012 3151 1124 3224 puplico
1146 3151 1216 3209 sacta
1237 3169 1295 3208 ma-

239 3252 372 3308 nelestata‘
395 3251 497 3320 luerit,
521 3258 548 3308 ct
569 3249 725 3322 conpositio
748 3249 818 3305 lacta
840 3248 937 3318 luerit,
962 3257 989 3305 et
1010 3256 1105 3321 postea
1126 3250 1185 3323 ipse
1206 3251 1294 3307 lurtus

239 3356 306 3421 aput
327 3350 412 3404 alium
433 3348 577 3405 hominem
597 3347 726 3404 inventus
747 3347 839 3416 luerit,
863 3354 890 3402 et
912 3353 985 3403 certa
1005 3346 1103 3404 veritas
1124 3349 1292 3422 apparuerit,

239 3447 316 3520 quod
336 3446 395 3519 ipse
417 3446 465 3518 qui
487 3445 563 3518 prius
584 3452 769 3518 conposuerat
789 3461 849 3501 rem
870 3443 957 3518 ipsam
980 3460 1037 3501 non
1058 3445 1175 3503 iuravit:
1200 3447 1294 3504 omnia

240 3544 378 3619 quidquid
398 3543 458 3616 ipse
479 3545 626 3616 conposuit
646 3544 760 3617 recipiat
780 3544 816 3600 ab
837 3559 870 3598 eo
892 3543 936 3598 cui
958 3551 1159 3616 conposuerat,
1187 3551 1214 3600 et
1234 3545 1293 3619 ipse

239 3648 380 3716 conponat
400 3648 466 3714 aput
487 3658 571 3714 quem
593 3643 678 3698 iustus
698 3643 758 3715 ipse
780 3647 877 3713 postea
897 3641 1025 3698 inventus
1046 3643 1148 3707 luerit;
1177 3657 1242 3699 nam
1270 3643 1293 3702 si

240 3741 339 3815 aliquit
359 3757 409 3814 pro
431 3747 637 3811 sagramentum
657 3755 737 3797 suum
759 3739 883 3810 dederit,
908 3739 1008 3796 habeat
1023 3740 1087 3813 'ipse
1108 3741 1151 3798 cui
1173 3741 1292 3808 dederit.

240 3840 310 3897 Nam
338 3839 361 3896 si
392 3844 467 3896 certa
495 3837 594 3894 veritas
623 3855 680 3894 ncn
712 3838 871 3911 apparuerit
892 3839 968 3910 quod
988 3840 1058 3895 alter
1084 3838 1169 3894 homo
1190 3839 1299 3896 surium-

225 3923 454 4011 'ipstimlecissit
478 3945 506 3993 et
527 3952 577 4009 per
587 3936 789 3994 districtionem
804 3936 1035 4008 maneicslaverit,
1059 3944 1086 3993 et
1104 3939 1293 4011 conposuerit,

240 4039 341 4097 habeat
361 4039 414 4096 sibi
435 4037 768 4112 ipsam‘conposltionem
788 4037 832 4092 cui
854 4035 1008 4107 conposuit.

318 4136 417 4210 (llll.)
446 4136 505 4194 aa.
535 4135 565 4192 Si
593 4135 655 4208 quis
676 4134 795 4191 devitum
817 4133 913 4190 iecerit
933 4140 961 4190 et
982 4149 1025 4191 res
1046 4149 1108 4190 suas
1125 4134 1291 4203 vindedcrit,

242 4242 269 4293 et
295 4235 357 4292 talis
385 4232 469 4291 luerit
495 4235 554 4308 ipse
581 4233 703 4290 devitum
731 4233 807 4306 quod
836 4247 933 4288 sanare
962 4248 1018 4288 non
1041 4233 1145 4304 possit,
1173 4240 1200 4289 et
1220 4232 1293 4316 filius

241 4334 300 4408 ejus
321 4349 371 4407 per
391 4349 507 4390 uxorem
526 4349 604 4390 suam
624 4330 729 4405 aliquid
751 4329 951 4404 conquisierit,
976 4331 1019 4386 vel
1046 4337 1144 4402 postea
1170 4330 1223 4387 sibi
1245 4347 1295 4404 per

241 4447 417 4508 quocumque
437 4431 520 4503 genio
538 4431 705 4490 laboraverit
723 4435 834 4504 pusaeus
849 4429 961 4501 genitor
981 4429 1039 4501 ejus
1054 4445 1151 4486 omnes
1171 4445 1215 4485 res
1231 4445 1293 4486 suas
