3048 5130
565 588 703 632 nurerum
726 587 792 632 car.
806 582 835 624 aa
849 603 875 612 -
887 581 922 624 aa.
1166 567 1167 578 ¹
1229 566 1269 628 71

208 737 335 809 quodsi
358 737 540 810 quiscumque
561 736 692 792 secularis
713 741 857 808 parentem
884 740 1006 791 nostram
1035 735 1204 792 saecularem
1232 733 1275 792 di-

208 841 330 906 sponsat
346 851 408 890 cum
424 835 485 889 solo
508 835 602 898 anolo,
626 851 687 889 eam
706 834 831 890 subarrat
850 839 877 888 et
892 849 969 890 suam
990 813 1064 900 lacit,
1088 839 1115 888 ct
1135 831 1158 888 si
1179 839 1275 904 postea

209 933 285 987 alter
306 949 367 988 cam
390 949 503 986 ororem
526 932 611 999 ducit,
636 933 785 1004 culpaviles
806 930 946 986 invenitur
966 929 1070 984 solidos
1091 946 1146 986 nc:
1169 937 1275 1002 quantu

209 1029 304 1098 magis
321 1030 396 1084 devit
415 1046 496 1085 causa
509 1029 559 1084 Dei
581 1036 608 1084 et
627 1028 1048 1101 sanctaeMARlAEanplerior
1069 1044 1141 1095 esse,
1162 1034 1273 1100 atquae

209 1127 307 1199 ipsum
337 1129 460 1184 velamen
484 1127 525 1181 vel
548 1126 641 1181 habitu
671 1126 699 1181 in
726 1143 755 1182 se
783 1126 956 1198 suscipiunt,
984 1126 1013 1182 in
1035 1126 1135 1181 eodem
1157 1126 1276 1181 deveant

210 1225 414 1298 perseverare?
446 1225 474 1280 Si
498 1239 552 1296 qua
575 1242 640 1279 vero
662 1225 763 1280 semina
786 1233 882 1282 contra
903 1225 995 1293 hanc,
1019 1225 1095 1297 quod
1118 1229 1211 1280 nostra
1231 1223 1274 1280 in·

210 1322 304 1378 stituit
328 1323 514 1391 excellentia,
544 1322 665 1391 aegerit,
695 1330 743 1377 aut
763 1322 892 1378 maritum
913 1338 942 1378 se
964 1323 1154 1394 copolaverit,
1179 1323 1276 1394 perdat

211 1437 329 1476 omnem
350 1419 531 1476 substantiam
552 1437 646 1484 suam,
678 1426 706 1474 et
727 1419 855 1475 deveniat
875 1419 935 1492 ipsa
961 1419 1112 1476 substantia
1133 1420 1168 1476 ad
1199 1426 1276 1492 pote-

210 1527 313 1574 statem
334 1517 446 1590 palalii;
480 1518 514 1572 de
541 1533 660 1589 persona
688 1523 779 1572 autem
798 1516 924 1588 ejusdem
952 1517 1071 1586 lemine,
1101 1534 1172 1590 quac
1194 1519 1276 1574 talem

211 1617 319 1672 malum
337 1615 487 1685 comiserit,
507 1614 614 1686 judecit
635 1632 683 1670 rex
704 1615 751 1687 qui
773 1631 823 1686 pro
849 1622 973 1685 tempore
996 1615 1077 1671 luerit
1096 1616 1215 1688 qualiter
1235 1615 1275 1670 illi

211 1713 363 1786 placuerit,
389 1721 434 1768 aul
455 1713 483 1768 in
498 1712 667 1768 monasterio
678 1713 825 1780 mittendo,
840 1719 886 1768 aul
896 1712 1014 1784 qualiter
1024 1713 1176 1768 secundum
1186 1715 1276 1768 Deum

200 1811 315 1869 ,melius
343 1810 506 1882 previderit:
539 1801 622 1864 simili
645 1810 729 1865 modo
759 1815 787 1864 et
818 1807 852 1864 de
873 1809 946 1865 victu
969 1811 1011 1864 vel
1033 1809 1195 1865 vestimentu
1218 1810 1276 1882 ejus

212 1910 276 1981 ipse
298 1908 428 1980 princeps
449 1907 558 1961 ordinet
579 1907 697 1979 qualiter
726 1907 752 1962 ei
783 1907 928 1980 placuerit.
972 1905 1002 1962 Si
1024 1912 1116 1962 autem
1145 1900 1210 1972 ille,
1245 1906 1275 1963 in

212 2007 294 2079 cujus
315 2005 431 2062 mundio
453 2005 514 2060 talis
535 2003 636 2060 lomina
660 2011 716 2072 est,
739 2003 915 2060 consentiens
937 2004 1068 2060 fueritin
1090 2003 1276 2076 suprascripto

212 2106 310 2172 malo,
333 2111 359 2158 et
381 2109 523 2174 provatum
546 2102 647 2171 luerit,
670 2109 812 2174 conponat
833 2102 972 2170 widrigild
993 2119 1089 2166 suum,
1112 2108 1141 2156 et
1159 2101 1206 2158 ille
1228 2101 1276 2175 qui

214 2219 280 2258 eam
310 2201 407 2256 tollere
438 2199 654 2273 presumpserit,
688 2193 831 2272 conponat
859 2199 889 2254 in
920 2200 1022 2273 palatio
1043 2199 1149 2256 solidos
1170 2216 1224 2265 nc;
1252 2199 1277 2256 si

214 2309 310 2356 autem
327 2299 479 2353 mundoald
500 2298 529 2352 in
547 2297 607 2369 ipso
629 2298 702 2353 malo
718 2296 896 2378 consentiens
914 2315 970 2352 non
985 2297 1076 2363 luerit,
1099 2297 1275 2353 medietatem

108 2421 109 2424 ¹
215 2398 252 2453 de
274 2396 341 2468 ipsis
362 2412 398 2451 uc
419 2395 515 2452 solidis
537 2395 653 2466 accipiat
674 2393 748 2466 ipse,
773 2402 800 2449 et
820 2395 998 2451 medietatem
1019 2413 1076 2454 rex.
1109 2394 1164 2463 Qui
1185 2403 1276 2451 autem

215 2499 301 2552 talem
332 2493 464 2550 feminam
486 2493 627 2565 rapuerit,
658 2499 800 2564 conponat
827 2493 932 2549 solidos
959 2492 1052 2556 mille,
1091 2499 1121 2548 ut
1147 2493 1277 2565 precedat

217 2611 300 2650 causa
323 2593 372 2648 Dei
395 2593 491 2649 solidis
513 2609 545 2656 cr
569 2592 702 2665 quoniam
724 2593 758 2647 de
779 2599 873 2664 raptus
894 2592 1026 2648 secularis
1047 2591 1150 2647 lemine
1171 2607 1277 2662 conpo-

216 2692 281 2747 sitio
296 2706 384 2746 ncocc
401 2690 553 2746 solidorum
569 2690 598 2744 in
617 2689 716 2744 Edicto
726 2690 868 2762 leguntur.
893 2691 955 2762 lpse
971 2706 1035 2745 vero
1054 2705 1125 2762 quae
1139 2705 1194 2744 non
1207 2704 1275 2744 con-

216 2789 365 2845 servaverit
376 2807 408 2845 ca
420 2805 491 2860 quae
501 2787 627 2859 superios
639 2787 748 2856 legitur,
767 2793 795 2842 et
805 2787 878 2843 malo
890 2786 1077 2860 suprascripto
1089 2785 1273 2852 consenserit,

219 2903 311 2960 poene
333 2885 534 2959 suprascriptae
556 2884 707 2956 subjaceat.

301 2981 363 3056 (ll).
386 2986 443 3040 cl.
466 2983 495 3038 Si
518 2983 579 3056 quis
600 2981 723 3054 rapuerit
739 2983 971 3054 qualemcumque
987 2981 1090 3037 lemine
1111 2981 1199 3038 libera
1218 2995 1279 3036 sae-

218 3083 360 3150 cularem,
394 3081 468 3137 unde
495 3081 524 3137 in
546 3079 684 3136 anteriore
705 3080 804 3136 Edicto
826 3079 926 3148 legitur
947 3078 1103 3152 conpositio
1124 3078 1277 3134 solidorum

218 3195 321 3248 ncccc,
344 3178 380 3234 ita
402 3180 538 3247 volumus,
563 3185 591 3233 ut
612 3179 646 3232 de
667 3176 723 3232 illis
744 3176 935 3248 quadrigentis
951 3155 1160 3248 quinquagenta
1181 3175 1278 3232 solidis

219 3277 278 3351 quis
291 3283 457 3348 perteneunt
477 3277 511 3331 ad
533 3282 662 3348 parentes
689 3275 731 3330 vel
758 3275 930 3344 mundoald‚
963 3281 994 3330 ut
1014 3273 1132 3347 accipiat
1158 3290 1192 3330 ex
1210 3273 1277 3346 ipsis

220 3375 317 3432 solidis
339 3373 491 3430 mundoald
511 3373 558 3445 qui
581 3373 663 3428 luerit
682 3389 733 3444 pro
756 3371 851 3442 fatigio
873 3389 923 3428 suo
945 3380 972 3428 el
993 3371 1138 3428 erectione
1161 3372 1196 3428 de
1218 3372 1277 3444 ipsa

221 3489 312 3546 poena
335 3473 439 3528 solidos
461 3488 576 3526 numero
599 3488 651 3533 εις
676 3471 799 3543 reliquos
820 3486 884 3525 vero
906 3487 956 3528 coc
973 3469 1075 3526 habeat
1094 3469 1276 3542 ipsalemina,

221 3570 265 3627 cui
288 3571 355 3626 tales
378 3569 476 3640 injuria
499 3575 545 3625 aut
566 3570 700 3625 detractio
729 3568 799 3624 lacta
829 3575 877 3626 est.
921 3567 950 3624 Si
978 3573 1069 3626 autem
1100 3575 1206 3640 patrem
1233 3575 1279 3624 aut

221 3669 334 3724 fratrem
355 3667 413 3739 ipsa
435 3667 536 3723 lemine
558 3666 695 3735 habuerit,
719 3665 796 3722 etin
818 3682 914 3722 eorum
931 3667 1076 3722 mundium
1099 3665 1189 3733 luerit,
1212 3671 1277 3720 tunc

222 3774 300 3838 paler
316 3771 362 3821 aut
378 3765 461 3820 lrater
482 3765 516 3820 de
535 3764 624 3836 ipsam
643 3763 878 3838 conpositionem,
902 3763 978 3835 quod
993 3771 1057 3818 sunt
1076 3747 1160 3819 solidi
1178 3777 1275 3831 occur,

222 3863 325 3921 iaciant
357 3881 420 3919 cum
449 3864 505 3918 lilia
533 3868 580 3917 aut
599 3877 695 3918 sorore
726 3879 775 3919 sua
796 3861 914 3934 qualiter
934 3861 1088 3924 voluerint;
1122 3875 1185 3916 nam
1210 3860 1278 3915 alter

222 3963 375 4020 mundoald
402 3967 448 4016 aut
468 3967 597 4032 parentes
617 3959 656 4016 sic
677 3960 802 4016 dividant
822 3960 911 4032 ipsam
937 3958 1179 4032 conpositionem,
1208 3956 1279 4014 sicut

222 4077 305 4134 supra
326 4045 487 4116 statuimus.¹
1107 4039 1108 4042 ¹

303 4156 382 4231 (ΠΙ.)
404 4160 465 4214 82.
495 4156 536 4211 De
557 4155 599 4210 lris
620 4155 667 4228 qui
689 4156 723 4211 de
743 4153 852 4210 inlicito
873 4152 1130 4229 matrimonio'nati
1151 4159 1215 4208 sunt
1234 4153 1278 4209 rel

225 4264 384 4324 nascuntur,
408 4255 436 4310 id
458 4261 499 4310 cst
520 4253 553 4308 de
574 4253 722 4324 matrinia,
752 4253 883 4318 filiastra,
915 4253 958 4307 vel
980 4258 1114 4322 cognata,
1136 4250 1211 4323 quod
1237 4257 1279 4308 est

224 4373 295 4414 uxor
316 4352 407 4410 lratris
428 4361 476 4410 aut
505 4367 584 4408 soror
603 4350 713 4418 uxoris;
742 4350 805 4423 quia
836 4356 863 4405 et
892 4365 1013 4406 canones
1042 4348 1082 4406 sic
1111 4350 1215 4406 habent
1243 4349 1278 4406 de

225 4455 331 4512 duabus
352 4450 494 4508 sororibus
514 4450 585 4505 sicut
604 4456 631 4504 et
652 4451 686 4505 de
708 4449 816 4506 duobus
837 4448 986 4505 iratribusr
1015 4446 1063 4520 qui
1092 4448 1126 4505 de
1147 4449 1200 4506 tale
1221 4465 1278 4504 ma·

226 4552 357 4610 trimonio
380 4556 458 4606 nalnn
484 4548 563 4584 sveri*
585 4547 700 4602 lvere-des
720 4546 860 4618 legitimus
881 4528 951 4619 patri
972 4563 1022 4603 suo
1053 4563 1109 4606 nou
1140 4544 1190 4622 sit,
1224 4544 1276 4608 uisi
