3048 5130
551 595 690 640 surorum
713 594 779 643 err.
794 590 910 636 et-tn
1221 575 1263 638 ’13

283 743 369 820 (ΠΙ.)
400 748 464 804 86.
493 745 521 802 st
544 746 606 818 quis
628 745 735 802 dederit
756 745 890 815 wadiam,
924 752 952 800 et
980 761 1042 802 eam
1063 759 1194 817 recepere
1216 747 1264 800 'ne-

192 845 336 914 gtexerit,
370 851 512 917 conponat
532 843 602 900 sicut
623 843 651 899 in
674 843 813 899 anteriore
836 844 933 900 Edicto
962 843 1072 913 legitur.
1116 845 1194 900 Etsi
1216 843 1263 898 iile

191 943 247 1014 qui
277 943 337 1013 ipsa
358 942 476 998 wadiam
503 943 641 1014 acceperit
668 941 785 996 reddere
816 943 969 1012 neglexerit
995 956 1047 1011 per
1075 940 1261 1012 fidejussores,

192 1045 223 1095 et
247 1044 318 1112 aput
339 1057 402 1095 eum
427 1037 602 1108 remanserit,
625 1037 664 1094 sio
686 1046 838 1111 conponat,
863 1039 1008 1112 quomodo
1026 1046 1054 1095 et
1073 1037 1120 1094 ille
1141 1025 1189 1110 qui
1209 1053 1264 1094 wa-

192 1137 278 1194 diam
298 1155 375 1193 suam
395 1137 520 1208 recipere
543 1137 705 1208 neglexerit.

284 1249 387 1328 (Vtri.)
408 1255 466 1311 84.
488 1253 518 1309 Si
540 1253 601 1326 quis
623 1254 701 1310 alteri
722 1253 832 1310 homini
855 1253 972 1310 wadiam
994 1251 1115 1319 dederit,
1138 1258 1167 1307 et
1186 1258 1264 1307 ante-

193 1367 286 1424 quam
312 1367 373 1407 eam
402 1366 452 1424 per
484 1352 676 1425 fidejussorem
708 1351 801 1408 tiberit
838 1351 974 1408 violenter
1009 1351 1044 1407 de
1073 1367 1157 1407 manu
1188 1349 1263 1406 illius

192 1449 366 1506 abstraxerit
386 1449 430 1504 oui
452 1467 485 1507 ea
506 1450 603 1519 dedit,
634 1457 776 1523 conponat
797 1449 821 1505 ei
845 1449 889 1505 cui
911 1449 999 1520 ipsam
1022 1449 1138 1504 wadiam
1160 1447 1263 1504 abstra-

193 1547 274 1604 xerit
295 1547 399 1603 solidos
419 1563 508 1606 xxnn.
530 1549 592 1603 Hoc
613 1555 704 1604 autem
725 1546 790 1603 ideo
811 1545 933 1617 adfigere
952 1543 1131 1620 precipimus,
1154 1563 1190 1602 ne
1211 1561 1262 1619 pro

120 1635 125 1644 ’
193 1645 246 1702 tati
269 1661 352 1701 eausa
372 1647 534 1702 scandalum
555 1645 660 1701 oriatur
681 1649 728 1700 aut
748 1644 840 1701 anima
862 1650 968 1716 pereat.

283 1757 400 1834 (turi.)
422 1762 483 1818 88.
506 1760 536 1816 Si
558 1760 620 1832 quis
637 1761 682 1816 aiii
699 1758 816 1817 wadiam
828 1761 946 1828 dederit,
961 1767 989 1816 et
1006 1758 1123 1816 voluerit
1137 1773 1198 1814 enm
1218 1773 1268 1830 per

198 1858 382 1931 fidejussores
403 1875 468 1915 suos
489 1858 631 1930 recipere,
662 1865 689 1914 et
710 1855 856 1915 adduxerit
876 1860 911 1915 ad
932 1875 995 1914 eum
1017 1857 1064 1930 qui
1086 1856 1203 1912 wadiam
1224 1872 1267 1910 ro·

196 1955 278 2029 cepit
294 1955 470 2028 fidejussores
492 1973 589 2021 uuum,
614 1957 680 2027 duo,
704 1958 747 2012 vel
765 1964 829 2027 tres,
853 1964 879 2013 et
896 1957 955 2029 ipse
967 1955 1078 2024 dixerit,
1096 1953 1266 2028 quiaNeseio

196 2056 249 2125 qut
271 2054 335 2120 sint,
359 2059 389 2109 ut
409 2053 510 2108 damno
533 2053 558 2108 ei
582 2053 671 2110 iacere
693 2054 798 2126 possit:
821 2059 888 2110 tune
908 2055 1047 2111 adducere
1062 2040 1094 2108 ‚ei
1117 2051 1213 2107 deveat
1234 2051 1267 2106 fi-

198 2151 376 2224 dejussorem
397 2156 444 2206 aut
464 2151 498 2206 de
528 2151 575 2208 ilia
597 2151 704 2208 civitate
725 2131 803 2208 unde
822 2152 882 2224 ipse
905 2151 1014 2224 estqui
1037 2151 1153 2207 wadiam
1175 2149 1262 2219 dedit,

196 2255 249 2305 aut
264 2249 299 2304 de
311 2248 357 2304 iila
371 2249 444 2304 uude
454 2249 513 2321 ipse
527 2251 625 2323 estqui
636 2251 773 2324 suscepit;
790 2257 817 2307 et
829 2251 851 2307 si
862 2251 976 2306 minime
986 2251 1024 2306 ita
1035 2249 1139 2305 inventi
1152 2248 1263 2330 iuepint,

197 2357 269 2403 tuno
286 2346 428 2418 'suscipere
450 2348 548 2404 deveat
567 2347 626 2419 ipse
648 2349 695 2420 qui
725 2349 841 2404 wadiam
870 2347 977 2420 accepit
1002 2347 1194 2419 fidejussorem
1215 2347 1265 2402 ho·

198 2445 307 2500 minem
328 2444 448 2501 liberum
474 2461 559 2516 quem
579 2445 738 2501 coilivertus
766 2445 824 2517 ejus
848 2445 990 2516 cognitum
1017 2445 1117 2515 habet,
1150 2453 1178 2501 et
1198 2444 1266 2500 dicit
1291 2455 1293 2470 ¹

198 2542 238 2607 ei,
264 2542 339 2618 quod
360 2541 419 2614 Epo
439 2546 495 2598 seio
516 2545 581 2614 puio
602 2545 750 2599 derodere
763 2552 854 2616 potes;
878 2545 1001 2600 ethome
1023 2542 1070 2600 ille
1084 2543 1131 2616 qui
1147 2543 1265 2600 wadiam

200 2639 282 2696 dedit
302 2641 435 2697 damnum
457 2657 514 2696 non
536 2640 664 2713 patiatur.
762 2667 764 2670 ·

282 2751 343 2830 (Χ.)
364 2757 428 2814 ott.
452 2756 481 2812 Si
503 2755 565 2830 quis
586 2756 635 2813 alii
657 2755 764 2814 homini
787 2756 905 2815 wadiam
927 2756 1035 2814 dederit
1060 2773 1111 2830 pro
1133 2773 1266 2830 quaeum·

199 2871 256 2927 que
277 2870 375 2924 causa,
409 2862 436 2910 et
457 2855 646 2927 fidejussorem
668 2857 808 2928 posuerit,
843 2863 871 2914 et
891 2863 987 2929 postea
1014 2857 1050 2914 ad
1080 2855 1170 2928 ipsum
1196 2853 1265 2909 fide-

197 2952 339 3032 jussorem
360 2952 531 3009 antesteterit
557 2959 603 3010 aut
623 2953 725 3026 pignus
743 2955 787 3011 'de
808 2971 891 3011 manu
923 2954 1032 3024 tuterit,
1062 2960 1090 3009 et
1119 2960 1264 3026 provatum

204 3049 300 3118 tuerit,
324 3058 467 3124 conponat
486 3050 591 3134 solidos
613 3066 657 3110 xx.

283 3161 358 3238 (XI.)
399 3167 464 3222 40.
502 3164 621 3246 Siquis
649 3165 695 3221 alii
725 3165 833 3222 homini
865 3166 982 3222 wadiam
1012 3165 1121 3222 dederit
1147 3170 1175 3221 et
1195 3165 1264 3222 tide·

199 3264 339 3336 jussorem
378 3263 517 3335 posuerit,
564 3269 592 3318 et
628 3262 687 3336 ipse
722 3263 868 3335 fidejussor
904 3279 968 3320 eum
1003 3262 1205 3337 pigneraverit,
1237 3269 1266 3320 et

202 3361 319 3434 pignera
346 3360 404 3432 ipsa
432 3361 468 3416 ad
489 3360 657 3418 creditorem
685 3362 743 3434 ejus
771 3361 894 3432 dederit,
925 3368 952 3416 et
973 3368 1068 3434 postea
1088 3360 1115 3416 ei
1136 3360 1195 3433 ipse
1216 3377 1263 3418 ou·

200 3458 245 3530 jus
272 3457 387 3530 pignera
408 3457 489 3514 suerit
510 3476 560 3532 per
580 3459 680 3516 virtute
710 3459 822 3530 toterit,
854 3466 996 3531 conponat
1015 3459 1076 3532 ipsa
1096 3459 1212 3532 pignera
1232 3459 1262 3518 iu

204 3556 337 3626 actogild.

285 3679 370 3755 (ΧΗ.)
391 3683 450 3737 41.
477 3679 506 3735 Si
528 3679 590 3752 quis
611 3679 695 3736 atium
716 3686 779 3736 aute
800 3679 980 3738 constitutum
1001 3679 1207 3753 pignerauerit,
1235 3688 1264 3737 et

205 3784 348 3850 provatum
370 3777 452 3834 tuerit
468 3775 542 3849 quod
563 3784 627 3834 ante
643 3778 792 3834 constituto
803 3777 986 3851 pignerasset,
1010 3789 1152 3853 conponat
1172 3780 1262 3852 ipsum

205 3876 323 3949 pignum
343 3877 373 3932 in
394 3876 524 3946 actogild.

285 3990 388 4065 (ΠΗ.)
417 3994 478 4048 42.
510 3990 539 4046 Si
560 3990 622 4063 quis
639 3989 726 4062 judex
746 3999 793 4047 aut
813 3999 889 4048 actor
910 3995 1036 4067 puplicus
1057 3992 1086 4049 in
1109 3992 1262 4066 qualicum-
1330 4034 1335 4048 .

206 4108 260 4165 que
281 4090 419 4147 civitatem
448 4095 495 4146 aut
520 4089 614 4146 locum
640 4089 715 4145 inter
734 4089 863 4148 homenis
884 4091 932 4163 qui
953 4093 1074 4164 aliquam
1094 4089 1262 4148 discordiam

205 4191 309 4247 habeut
328 4195 427 4246 trenas
448 4187 557 4257 tulerit,
589 4195 616 4243 et
644 4204 715 4244 unus
744 4203 779 4244 ex
806 4187 874 4260 ipsis
904 4189 1063 4247 hominibus
1091 4189 1165 4246 inter
1192 4205 1262 4264 quos

205 4289 279 4361 ipsas
300 4293 398 4343 trewas
419 4289 486 4344 tulta
506 4291 571 4342 sunt
591 4303 636 4342 eas
657 4286 781 4359 ruperit:
811 4287 987 4344 medietatem
1008 4289 1043 4344 de
1071 4289 1143 4362 ipsas
1164 4295 1261 4346 trenas

207 4369 347 4459 conponat
367 4384 397 4440 iu
418 4385 541 4458 puplico,
565 4391 593 4438 et
608 4385 785 4440 medietatem
806 4385 847 4442 illi
869 4386 944 4458 eujus
960 4401 1041 4443 causa
1062 4395 1112 4445 est.
1133 4387 1169 4442 Et
1189 4387 1262 4460 ipsas

206 4491 304 4542 trenas
325 4500 382 4538 non
404 4475 467 4538 sint
479 4481 570 4538 minus
591 4497 675 4553 quam
696 4481 778 4538 solidi
791 4499 842 4549 ec;
865 4485 913 4557 qui
934 4491 1025 4541 autem
1043 4486 1161 4558 amplius
1181 4485 1262 4543 forsi-

208 4589 268 4646 tam
289 4597 339 4654 pro
360 4581 511 4653 majoribus
531 4578 620 4636 causis
642 4593 747 4651 ponere
769 4582 897 4653 voluerit,
920 4582 955 4638 sit
975 4582 1000 4639 ei
1021 4583 1172 4646 licentiam.
1199 4605 1201 4612 ·
