3048 5130
540 509 676 554 nnlcwnt
700 509 765 553 GAI’.
787 503 814 548 65
827 503 903 548 -11.

432 659 559 712 INCIPIT
576 659 621 710 nn
640 658 735 710 Anno
755 653 1040 720 Qunnnonncmo

330 749 335 762 x
471 785 602 848 (Kalendis
622 787 729 843 martiis,
750 795 817 832 anno
835 777 1009 846 DCCXIII.)

533 908 727 971 VOLUMEN
750 905 950 972 OCTAVUM.

241 1054 309 1111 Jans
329 1055 437 1124 onmem
456 1055 549 1124 septies
569 1055 600 1108 in
620 1054 710 1108 antico
730 1051 823 1107 Eatett
844 1065 952 1120 torpore
973 1049 1066 1119 aliana
1076 1049 1264 1119 praevidemus

199 1160 376 1209 anementars
397 1152 525 1222 capitula,
549 1166 618 1220 qaae
638 1150 715 1205 nobis
736 1155 760 1204 et
775 1150 875 1204 nostris
884 1147 1023 1218 inclinibus
1044 1153 1125 1217 atque
1142 1146 1265 1215 fidelitas

200 1254 353 1308 secondom
367 1250 453 1306 Denrn
472 1256 546 1304 reeta
564 1255 772 1318 eonparnarant.
794 1244 874 1302 Nnna
889 1247 1006 1316 qnidam,
1031 1262 1060 1300 so
1081 1246 1153 1315 qaod
1166 1245 1266 1300 multas

202 1367 305 1406 causae
325 1352 362 1405 ad
376 1348 554 1417 diffiniendum
569 1348 724 1416 incognitae
743 1353 831 1408 eram,
856 1346 923 1414 ania
938 1345 989 1400 alii
1001 1359 1050 1414 per
1060 1343 1266 1401 oomnnntinens

202 1451 256 1504 alii
274 1465 325 1519 per
344 1448 490 1502 arbitrium
504 1447 632 1517 judicare
653 1443 830 1505 estimabant,
854 1444 895 1496 ito
911 1444 1098 1512 pernimia,
1130 1449 1159 1498 nt
1178 1443 1267 1498 nuans

203 1549 354 1602 monisse
375 1546 491 1613 delent,
520 1545 566 1598 sed
586 1543 709 1598 mnnilns
728 1541 873 1608 montfarto
893 1541 1033 1595 elarisoere
1053 1541 1115 1596 lea:
1137 1543 1269 1611 idsopaae

203 1646 273 1700 noea
292 1646 435 1700 statuimus
455 1644 588 1698 adnotare
609 1640 746 1712 capitata,
771 1654 845 1693 anno
865 1639 962 1694 scilicit
981 1640 1059 1710 regni
1076 1641 1183 1708 ‘nostri,
1211 1637 1268 1694 Deo

204 1743 356 1814 largime,
389 1742 607 1813 quartodecimo,
639 1741 702 1794 diae
722 1737 900 1792 kalendarum
919 1736 1098 1805 martiarum,
1122 1739 1270 1793 indictione

204 1857 290 1896 norm.
315 1838 485 1907 Quinetiam
499 1846 523 1893 et
537 1839 641 1909 judicis
658 1843 739 1906 otqrn
749 1835 843 1904 sedalis
859 1837 946 1891 nostri
963 1838 996 1890 tle
1011 1835 1135 1906 partibus
1144 1833 1270 1891 Aratriae

205 1947 230 1994 et
251 1937 397 1994 Nenstrias
416 1937 554 1994 nobiscnm
574 1936 739 2003 adsuerant,
763 1941 786 1988 et
807 1935 871 1988 laea
891 1935 983 1990 omnia
1002 1935 1074 1988 inter
1093 1951 1121 1989 se
1140 1934 1271 1989 manant

205 2043 281 2099 sont,
305 2042 329 2090 et
349 2036 427 2090 nolis
446 2036 632 2090 renuntiantes
652 2034 790 2122 napisanrn
810 2034 915 2102 pariter
934 2038 1085 2088 statuerant
1105 2039 1203 2103 otpnae
1223 2033 1270 2087 de*

204 2136 353 2204 linierunt,⁸
377 2139 401 2187 et
422 2149 480 2188 earn
497 2132 684 2203 presentaliter
703 2132 816 2199 sumserat
837 2132 957 2202 capitula
977 2133 1030 2186 ista
1051 2132 1158 2196 relecta,
1182 2131 1270 2186 orani-

206 2233 258 2287 lns
276 2232 450 2301 plantarunt,
474 2237 497 2284 et
517 2230 650 2299 presentis
670 2230 812 2284 adeersum
832 2235 984 2285 statuerunt
1003 2229 1154 2298 monam,
1176 2235 1207 2285 nt
1226 2229 1271 2284 ai·

206 2329 357 2386 nilominus
375 2344 424 2400 per
444 2329 568 2382 ordinem
587 2327 776 2383 scriberentur.

292 2485 344 2562 (I.)
378 2488 440 2545 ro.
472 2486 501 2542 Si
523 2485 597 2540 iuter
617 2486 714 2542 tratres
735 2500 786 2558 per
805 2502 840 2540 ιι
862 2501 951 2541 annos
973 2486 1112 2556 possessio
1133 2485 1216 2542 inerit
1237 2485 1272 2542 de

208 2587 293 2642 rebus
314 2601 363 2640 seu
384 2584 419 2639 de
441 2583 511 2640 casis
532 2585 575 2639 vel
597 2583 632 2639 de
653 2582 734 2638 terris
756 2599 827 2654 qnae
849 2582 969 2639 indivisa
990 2590 1065 2652 sunt,
1089 2584 1132 2639 vei
1153 2599 1204 2656 per
1224 2601 1273 2657 pa·

210 2689 315 2750 rentes,
340 2682 387 2754 qui
408 2697 458 2754 per
479 2697 514 2736 rr.
535 2696 625 2736 annos
647 2679 789 2752 possedit,
813 2681 932 2751 qualiter
951 2679 1087 2754 presumit
1109 2680 1202 2738 dicere
1223 2698 1274 2754 per

210 2787 419 2854 sagramentum
439 2777 474 2834 ad
496 2783 592 2837 sancta
606 2777 658 2834 Dei
673 2778 828 2849 evangelia,
852 2778 930 2850 qnod
950 2778 985 2834 de
1006 2777 1067 2834 avio
1084 2785 1131 2836 aut
1145 2780 1181 2836 de
1195 2787 1273 2853 patre

211 2889 261 2938 aut
281 2878 316 2935 de
338 2877 433 2942 tratre,
457 2883 504 2934 aut
523 2876 613 2948 qualis
631 2891 733 2948 parens
751 2874 845 2940 inerit,
868 2875 945 2948 quoti
963 2875 1036 2948 ipses
1058 2891 1175 2934 resenas
1191 2879 1275 2937 facus

211 2977 322 3045 habuit,
344 2983 391 3033 aut
411 2992 461 3049 per
482 2975 646 3046 donatione,
669 2979 716 3030 aut
736 2973 965 3043 commutatione,
993 2979 1040 3031 sut
1060 2975 1273 3047 conparatione,

212 3077 317 3135 auide
339 3073 492 3139 extImatio,
515 3080 562 3130 aut
582 3072 726 3146 quomodo
747 3072 949 3145 presumpserit
969 3073 1063 3128 dicere
1084 3080 1132 3128 aut
1151 3074 1274 3144 firmare,

212 3177 304 3232 Ieceat
324 3189 389 3228 eum
410 3178 505 3244 postea
527 3171 600 3243 Ipsas
620 3187 666 3228 res
688 3171 791 3226 habere
812 3177 840 3227 et
860 3170 1026 3242 possederas
1055 3170 1123 3227 alias
1144 3188 1211 3228 rero
1231 3187 1276 3228 res

215 3289 286 3347 qnae
309 3270 413 3328 divisae
434 3270 547 3326 suerunt
566 3269 639 3326 inter
660 3267 757 3326 tratres
779 3275 825 3324 aut
847 3274 977 3341 nepotes,
1005 3269 1047 3324 rel
1074 3268 1123 3326 ubi
1144 3286 1276 3328 mensura

214 3376 301 3428 tracta
318 3377 378 3444 est,
410 3374 498 3424 sortes
527 3373 630 3424 stantes
659 3366 861 3440 adaequentur.
903 3365 973 3422 Nam
993 3365 1040 3422 ubi
1062 3380 1112 3438 per
1132 3384 1167 3425 ιι
1188 3384 1278 3424 annos

216 3469 340 3525 minsura
361 3468 484 3522 menime
505 3463 665 3534 smbolavit,
689 3470 717 3521 et
733 3480 815 3520 causa
833 3469 946 3536 provata
966 3462 1050 3520 inerit
1071 3464 1147 3538 qnod
1168 3465 1278 3539 injure

216 3568 311 3639 quieto
334 3563 511 3637 possedissit,
542 3563 612 3619 sIeut
632 3562 759 3635 superios
780 3562 882 3632 legitur
902 3578 952 3633 per
972 3570 1179 3632 sagramentum
1199 3564 1279 3621 tinio·

217 3670 272 3733 tur,
296 3670 413 3734 excepto
435 3661 458 3716 si
479 3660 666 3718 communiter
687 3659 787 3733 aitquit
805 3660 965 3733 possedant.

298 3793 363 3870 (II.)
392 3795 446 3851 Il.
478 3793 508 3849 Si
530 3794 592 3865 quis
614 3793 668 3850 alio
691 3793 972 3866 astooonpellaverit
1003 3792 1169 3866 depugna,
1202 3794 1279 3866 quod

218 3895 281 3952 solit
303 3894 362 3950 fieri
384 3909 434 3965 per
455 3908 551 3964 pravas
577 3907 730 3965 personas,
763 3898 876 3967 preveat
906 3899 1111 3964 sagramentum
1141 3892 1201 3965 Ipse
1231 3889 1280 3964 qui

219 3993 361 4065 conpellat
381 3991 472 4060 solos,
497 3996 524 4044 et
545 3989 618 4046 dicat
635 3989 760 4063 juratus,
784 3990 849 4064 quia
872 4006 928 4047 non
950 3998 1009 4047 asto
1031 3991 1125 4046 animo
1146 4006 1209 4047 eum
1231 4005 1282 4063 per

220 4074 312 4163 pugna
334 4090 445 4146 intinere
467 4095 582 4160 querat,
606 4089 659 4145 nisi
682 4089 758 4162 quod
780 4095 885 4146 certam
905 4088 1007 4146 habeat
1026 4086 1198 4160 suspitione,
1221 4087 1281 4146 sibe

221 4189 256 4244 de
277 4187 350 4243 furto
372 4185 464 4251 suerit,
489 4186 548 4241 sibe
570 4186 604 4242 de
619 4187 764 4253 incendio,
787 4195 835 4244 ant
855 4187 930 4244 unde
951 4187 1010 4259 ipse
1034 4187 1203 4259 conpellatio
1225 4186 1282 4257 sgi-

222 4295 282 4342 tur:
313 4285 383 4342 etsi
405 4285 458 4340 hoo
476 4285 627 4356 juraverit,
651 4293 748 4358 postea
768 4284 850 4342 vadat
871 4284 973 4342 exInde
995 4299 1109 4356 pugne;
1145 4285 1167 4342 si
1189 4291 1282 4342 autem

221 4385 343 4442 menime
361 4384 454 4456 jurare
476 4383 690 4454 presumpserit,
720 4399 777 4441 non
799 4383 849 4441 tiat
869 4384 929 4457 ipse
950 4397 1034 4440 sauss
1054 4398 1105 4456 per
1126 4395 1222 4457 pugna
1239 4384 1283 4457 ju·

222 4481 313 4540 dicata
333 4485 382 4538 ant
400 4477 489 4535 linita.

1049 4576 1068 4635 6
