3048 5130
236 499 279 566 lt
626 523 781 568 norusms
805 521 895 568 neers

234 685 296 730 esse
324 678 356 728 ut
379 672 482 732 muller
510 672 596 730 libem
623 677 673 729 eut
697 670 798 728 rnoille
819 671 899 746 qussi
925 672 966 729 vir
990 687 1054 730 oum
1074 671 1158 730 ermis
1177 669 1233 727 rim
1254 670 1294 727 lo·

236 785 299 834 cere
320 771 415 844 possit.

316 869 401 926 m.
423 865 479 942 (De
499 867 610 924 concilio
624 863 848 938 rusticanorum.)
871 861 901 922 Si
922 865 1003 935 servi,
1030 864 1059 921 id
1080 871 1123 922 est
1142 864 1293 922 concilium

234 964 458 1031 rusticanorum,
490 977 575 1020 manu
600 969 703 1020 armate
718 963 761 1028 ¹in
789 963 850 1020 vieo
878 962 1042 1020 intraverint
1061 962 1097 1019 nd
1123 964 1227 1019 melum
1249 962 1290 1020 ls-

237 1063 387 1130 ciendum,
418 1070 446 1120 et
466 1061 638 1136 quicumque
660 1060 731 1116 liber
752 1061 837 1116 homo
858 1060 911 1117 sub
939 1059 1018 1132 regni
1048 1059 1135 1116 nostri
1157 1059 1293 1117 ditionem

235 1161 342 1234 positus
363 1159 504 1218 cumillis
525 1158 554 1214 in
575 1157 666 1230 oepite
686 1157 781 1225 luerit,
803 1157 896 1214 anime
917 1174 966 1214 suo
983 1158 1107 1214 incurret
1123 1157 1290 1231 periculum,

234 1267 281 1314 out
303 1265 444 1331 conponat
463 1257 567 1314 solidos
589 1271 688 1325 oecon,
712 1255 889 1313 medietatem
910 1255 980 1327 regi,
1003 1262 1031 1312 ot
1050 1253 1226 1311 medietatem
1247 1254 1293 1312 oui

235 1356 337 1430 injurie
357 1356 442 1412 inlate
463 1353 555 1412 luerit
586 1353 663 1409 Servi
686 1353 761 1408 enim
782 1352 832 1426 qui
853 1369 917 1409 oum
939 1353 999 1426 ipso
1020 1352 1125 1408 luerint
1143 1351 1171 1407 in
1193 1351 1292 1409 eodem

234 1454 353 1511 concilio
375 1453 568 1525 unusquisque
596 1467 630 1506 xc
650 1450 755 1507 solidos
775 1451 810 1507 sit
832 1451 999 1525 culpabilis,
1021 1450 1199 1508 medietatem
1220 1449 1291 1522 regi,

235 1557 264 1607 et
283 1549 461 1607 medietatem
482 1549 527 1605 oui
548 1562 641 1620 supra.
674 1549 709 1604 Et
730 1548 752 1605 si
774 1547 848 1605 liber
868 1549 953 1605 homo
975 1548 1004 1604 in
1019 1554 1104 1621 ceput
1124 1563 1181 1604 non
1197 1547 1290 1618 luerit,

235 1650 281 1707 ille
303 1648 380 1720 prior
399 1662 495 1704 sersus
515 1645 565 1718 qui
591 1661 640 1702 eos
660 1646 796 1702 conduxit
816 1646 968 1711 moriatur;
999 1645 1070 1702 servi
1099 1661 1165 1701 vero
1190 1645 1292 1718 reliqui

235 1745 284 1820 qni
306 1761 371 1802 eum
390 1763 425 1802 oo
445 1744 553 1802 luerint
572 1760 607 1800 ex
628 1743 730 1802 eodem
749 1743 889 1812 concilio,
919 1741 1114 1816 unusquisque
1143 1757 1238 1798 servus
1259 1759 1293 1798 ru

234 1842 340 1900 solidos
360 1859 464 1915 proco
486 1845 648 1914 conponat,
680 1841 857 1898 medietatem
878 1841 953 1911 regi,
986 1847 1014 1896 et
1044 1838 1220 1896 medietatem
1247 1839 1293 1896 eui

235 1939 337 2014 injurie
359 1939 429 1996 lucto
449 1944 500 1998 est.
1001 1947 1010 1962 ²

314 2037 406 2095 08⁰.
447 2034 499 2110 (De
527 2038 728 2093 rusticanorum
756 2033 936 2109 seditionem.)
977 2033 1007 2090 si
1036 2050 1087 2106 per
1113 2049 1292 2108 quecumque

234 2151 316 2194 oense
338 2135 466 2192 homines
487 2133 617 2192 rusticani
640 2149 669 2189 se
690 2132 873 2204 collegerint,
904 2133 935 2188 id
955 2138 997 2188 est
1017 2132 1152 2190 concilios
1173 2139 1201 2190 et
1217 2132 1293 2191 sodi-

233 2235 318 2291 tionis
340 2233 429 2291 lacere
451 2233 687 2306 presumpserint,
718 2239 747 2289 et
767 2232 936 2305 cuicumque
957 2247 986 2288 se
1006 2230 1236 2305 anteposuerim,
1266 2236 1294 2285 et

232 2331 405 2404 mancipium
434 2337 483 2388 eut
501 2331 644 2404 peculium
665 2331 700 2387 de
722 2346 806 2388 manu
835 2328 961 2386 tullerint
982 2329 1060 2400 quod
1082 2331 1117 2387 de
1139 2343 1200 2386 cose
1221 2327 1292 2384 servi

234 2429 277 2486 sui
310 2429 442 2498 dominus
469 2430 568 2486 tollere
598 2429 836 2486 voluerit:.tunc
864 2427 912 2484 ille
943 2431 992 2500 qui
1017 2427 1046 2483 in
1067 2433 1152 2501 capos
1171 2443 1206 2482 ex
1225 2425 1293 2499 ipsis

233 2525 344 2583 rusticis
365 2527 451 2584 luerit
469 2533 519 2584 aut
539 2528 692 2597 occidatur,
715 2534 763 2582 eut
783 2525 902 2583 redimat
922 2525 1043 2582 enimam
1061 2540 1139 2583 suom
1156 2531 1292 2597 quantum

233 2624 402 2698 adpretiatus
424 2625 523 2690 lucrit;
552 2632 581 2682 et
600 2627 798 2698 unusquisque
819 2624 869 2698 qui
896 2624 925 2680 in
946 2623 1034 2697 ipsam
1056 2622 1223 2680 seditionem
1244 2637 1293 2678 eu-

234 2721 353 2778 currerit
372 2721 408 2778 ed
428 2723 534 2779 malum
555 2722 730 2791 laciendum,
752 2727 897 2795 conponat
915 2721 1021 2778 solidos
1040 2737 1092 2790 ιιι,
1114 2719 1292 2777 medietatem

234 2818 310 2890 regi,
343 2824 371 2875 et
399 2820 576 2876 medietatem
605 2820 650 2876 cui
677 2819 779 2892 injurie
805 2819 902 2876 lecerit
921 2824 970 2875 aut
988 2835 1018 2876 se
1039 2824 1208 2890 anteponere
1230 2835 1293 2891 pro·

233 2916 391 2988 sumpserit.
426 2917 464 2972 Et
484 2917 506 2974 si
527 2918 575 2974 ille
596 2916 645 2990 qui
667 2933 726 2974 rem
739 2931 817 2974 suom
833 2933 951 2989 querere
972 2921 1021 2972 out
1037 2931 1153 2986 exegere
1171 2915 1290 2986 vitietur,

233 3015 269 3070 ab
291 3012 356 3086 ipsis
376 3011 489 3070 rusticis
509 3013 603 3070 toritas
624 3019 673 3070 eut
692 3015 787 3087 plagas
807 3013 939 3070 hebuerit
956 3012 1044 3080 laete,
1073 3011 1146 3068 siout
1164 3013 1294 3084 superius
1328 3065 1330 3069 .

233 3108 366 3169 statutum
378 3118 419 3168 est
436 3112 461 3168 ei
478 3119 674 3186 conponatur3
698 3129 761 3169 nem
783 3128 833 3184 pro
849 3108 1058 3184 presumptione
1077 3115 1196 3175 tentum,
1220 3127 1293 3183 pene

232 3212 420 3286 suprascripto
451 3209 600 3283 patientur.
643 3211 678 3284 lit
707 3211 730 3266 si
759 3209 862 3283 uliquis
889 3226 923 3265 ex
953 3208 1020 3281 ipsis
1046 3207 1156 3264 rustieis
1183 3209 1294 3266 occisus

233 3310 326 3379 luerit,
350 3327 407 3366 non
428 3308 598 3382 requiretur,
621 3308 688 3381 quio
709 3308 757 3364 ille
778 3305 827 3380 qui
845 3323 910 3364 oum
925 3307 1023 3365 occisit
1043 3322 1072 3364 se
1088 3304 1291 3364 defensandum

234 3413 262 3462 et
281 3423 325 3463 res
346 3424 409 3465 suos
430 3405 629 3463 vindicandum
649 3403 703 3462 hoo
723 3405 788 3476 egit.

306 3506 396 3562 281.
418 3501 471 3576 (De
489 3504 566 3572 [orto
586 3511 699 3575 otperto
719 3499 831 3576 sonito.)
852 3501 882 3557 Si
905 3500 968 3574 quis
989 3499 1024 3556 de
1045 3499 1165 3571 lignario
1180 3501 1293 3558 alterius

232 3603 342 3674 lignum
362 3600 502 3670 sumserit,
525 3608 667 3672 conponat
686 3601 726 3657 illi
746 3601 827 3674 cujus
846 3598 981 3670 lignarius
1002 3598 1086 3654 luerit
1105 3599 1210 3655 solidos
1230 3616 1289 3655 sex.

312 3701 400 3758 288.
439 3697 471 3753 Sl
492 3697 555 3769 quis
576 3698 611 3754 de
632 3715 722 3756 cesam
737 3703 857 3755 erectam
870 3696 1133 3769 lignumquodlevit
1147 3704 1196 3754 eut
1213 3713 1293 3755 soen-

233 3798 327 3855 tlolam
348 3795 489 3864 iuraverit,
513 3802 657 3867 conponat
677 3795 781 3854 solidos
802 3811 858 3854 sex.

313 3896 401 3953 288.
443 3891 473 3949 si
484 3892 548 3966 quis
560 3894 594 3948 de
605 3893 746 3965 lignamen
758 3893 912 3951 adunatum
931 3891 960 3947 in
973 3897 1079 3951 curtem
1091 3899 1142 3948 out
1155 3892 1183 3949 in
1201 3895 1292 3964 pluteo

233 3994 268 4052 etl
289 4008 381 4051 ensem
402 3990 557 4072 laciendem
578 3991 727 4060 iuraverit,
760 3997 902 4064 conponat
931 3989 1123 4055 solidosse13
1153 3988 1177 4046 si
1198 3997 1292 4048 eutem

232 4091 262 4148 in
283 4091 350 4148 silva
371 4091 526 4163 dispersum
547 4088 631 4145 luerit
650 4095 679 4167 et
699 4088 839 4159 iuraverit,
863 4095 1004 4161 conponat
1023 4088 1052 4144 in
1074 4087 1205 4158 octogild.

313 4190 400 4246 284.
413 4185 478 4261 (De
498 4185 577 4258 orto.)
628 4186 657 4243 Si
691 4185 753 4259 quis
782 4187 811 4243 in
844 4193 905 4243 orto
933 4185 1047 4243 alterius
1073 4185 1213 4243 introierit
1244 4192 1292 4243 eut

233 4283 337 4342 salierit
363 4285 399 4342 od
430 4285 536 4342 lurtum
566 4284 744 4355 laciendum,
780 4291 921 4358 conponat
940 4285 1045 4343 solidos
1070 4285 1137 4351 ten
1175 4302 1239 4342 nem
1266 4285 1289 4342 si

233 4389 296 4456 post
324 4397 403 4440 suem
430 4399 490 4441 rem
517 4383 694 4455 ingreditur,
725 4390 755 4440 et
781 4384 916 4441 damnum
943 4399 1001 4441 non
1026 4383 1137 4454 iecerit,
1167 4397 1226 4441 non
1254 4382 1291 4440 sit

234 4480 394 4554 culparetis.
