3048 5130
534 527 673 575 aurorum
696 527 763 577 oar.
777 524 819 570 aaa
832 521 860 557 a
872 523 922 570 aaa
1210 502 1253 573 aa

190 679 316 740 muli'eria
336 679 457 738 faciendi
478 680 554 753 quod
575 679 701 739 vuluerit
743 679 780 738 itt
799 681 822 740 si
843 687 972 756 parentes
997 678 1056 755 ejus
1084 677 1138 736 huc
1163 677 1254 736 lacere

90 772 94 778 ’
193 778 342 847 distulerit,
366 783 432 834 tunc
453 778 541 835 leoeat
557 778 707 849 gastaldius
724 779 798 852 regis
812 787 859 838 aut
875 778 1014 838 sculdahis
1031 778 1121 851 ipsam
1135 777 1165 836 in
1178 783 1254 836 curte

126 876 132 888 '
165 877 268 950 ··regis
288 877 401 948 ducere,
425 876 501 933 etin
525 876 610 948 pisele
630 877 704 935 inter
724 878 837 936 ancillas
858 885 987 938 statuere.

274 978 360 1033 m.
383 973 439 1048 (De
466 976 567 1032 occido
592 979 763 1033 matrimonii
786 975 932 1052 pretiolo.)
974 975 1004 1033 Si
1037 975 1099 1050 quis
1125 974 1255 1034 ancillam

193 1090 272 1132 suam
289 1071 431 1145 propriam
447 1072 656 1130 matrimoniare
670 1073 790 1132 voluerit
810 1076 846 1132 ad
860 1090 985 1147 uxorem,
1007 1073 1043 1131 ait
1055 1073 1081 1132 ei
1094 1071 1253 1141 licentiam

193 1178 286 1228 tamen
308 1172 406 1228 deveat
426 1187 488 1228 eam
508 1171 595 1229 libera
612 1171 757 1242 thingare,
780 1173 819 1230 siu
840 1173 928 1231 libera
950 1172 1025 1246 quod
1047 1177 1088 1230 est
1101 1171 1253 1243 wilribor'a,
1375 1225 1379 1234 ,

193 1276 222 1326 et
243 1269 401 1341 legetimnm
421 1267 512 1326 lacere
534 1285 584 1343 per
604 1269 770 1342 gnratlriux.
802 1271 882 1328 Tunc
902 1270 1079 1344 intellegatur
1095 1270 1205 1341 libera,
1227 1269 1256 1327 el

193 1365 352 1438 legetimam
374 1382 504 1433 uxorem3
527 1367 626 1424 attilii
646 1368 694 1441 qui
716 1387 749 1426 ex
770 1385 803 1426 ea
825 1369 882 1426 nati
902 1369 1012 1428 luerent
1031 1367 1155 1442 legetimi
1175 1367 1256 1426 licre·

195 1465 239 1522 dis
259 1465 332 1540 patri
354 1463 519 1524 efficiantur.

274 1566 360 1622 m.
383 1562 439 1636 (lle
458 1581 489 1620 eu
509 1566 557 1635 qur·
576 1566 635 1620 eiua
654 1564 760 1620 uacuo
779 1562 919 1639 raumara.)
960 1564 990 1622 Si
1010 1565 1073 1638 quis
1094 1566 1155 1624 sine
1176 1565 1255 1624 hera·

193 1661 237 1719 dis
257 1667 382 1718 mortuus
403 1660 485 1718 inerit
505 1668 533 1717 et
552 1677 596 1717 res
616 1660 704 1734 ipsius
725 1659 760 1718 ad
781 1661 866 1718 curtis
895 1661 969 1734 regis
998 1665 1173 1735 pervenerit,
1202 1680 1255 1722 neu

194 1759 298 1816 donato
319 1775 371 1816 nec
391 1758 517 1833 prestito,
540 1759 709 1832 quicumque
729 1757 817 1831 ipsius
837 1759 940 1818 mortui
961 1760 1038 1819 dedit
1063 1757 1110 1819 a'ut
1130 1759 1256 1836 preaterii

194 1873 253 1913 non
273 1857 376 1914 habeat
397 1855 577 1929 puntcdcium
599 1855 782 1931 requirendi3
814 1859 879 1931 quia
906 1865 1054 1933 postquam
1083 1859 1119 1917 ad
1139 1859 1254 1918 manum

193 1954 267 2025 regis
287 1956 431 2028 pervenit,
464 1953 613 2012 terminum
641 1956 752 2030 poenit,
788 1962 817 2013 et
836 1956 896 2014 sine
917 1957 1040 2016 devitum
1066 1963 1113 2015 aut
1132 1951 1253 2032 aliquam

194 2051 388 2126 repetitionem
409 2052 517 2112 cecidit.

275 2152 361 2207 m.
384 2149 436 2219 (lle
450 2151 728 2224 manumissionibus.)
749 2151 781 2228 S.
799 2151 824 2211 l.
847 2151 877 2210 Si
895 2153 957 2230 quis
972 2171 1080 2212 servum
1092 2169 1172 2213 suum
1189 2169 1255 2228 pro-

195 2247 287 2320 prium
307 2255 355 2304 aut
374 2247 503 2304 ancillam
525 2264 602 2305 snam
630 2248 734 2304 liberos
762 2248 900 2307 dimittere
920 2251 1058 2323 vuluerit,
1086 2251 1121 2309 sit
1141 2251 1254 2310 licentia

194 2346 314 2419 qualiter
333 2345 359 2402 ei
381 2346 523 2418 placuerit.
545 2346 614 2403 Nam
635 2346 683 2418 qui
704 2345 818 2404 lullreae
839 2355 867 2405 et
886 2365 902 2406 a
923 2365 952 2406 ae
967 2356 1139 2422 extraneum,
1162 2339 1191 2407 id
1212 2343 1254 2408 esi

194 2445 308 2515 amand,
331 2443 421 2501 lacere
442 2443 570 2515 voluerit,
593 2443 632 2502 sic
653 2444 727 2501 derit
747 2442 846 2505 lacere.
873 2445 977 2505 Tradat
997 2463 1061 2506 eum
1081 2443 1202 2522 primum
1220 2438 1252 2506 in'

194 2559 308 2598 manum
328 2540 407 2599 alteri
428 2540 557 2599 humenis
578 2540 671 2610 liberi,
694 2549 723 2598 et
742 2559 794 2615 per
806 2543 962 2616 guinethinx
982 2545 1074 2617 ipsum
1094 2545 1251 2615 confirmit3

195 2647 222 2696 et
248 2641 296 2698 ille
320 2639 458 2696 secundus
490 2639 579 2696 tradat
607 2639 770 2698 intertium
797 2641 949 2700 incudem
968 2643 1073 2711 modu;
1107 2644 1252 2702 attentius

195 2738 283 2796 madal
303 2738 332 2796 in
354 2741 502 2812 quartum3
535 2743 563 2794 et
587 2737 647 2811 ipse
673 2746 787 2813 quartus
815 2739 897 2798 ducat
917 2757 981 2800 eum
1002 2742 1031 2800 in
1054 2743 1251 2817 quadmbium,

193 2843 221 2894 et
241 2835 350 2908 thingat
369 2836 399 2893 iu
420 2836 502 2908 galda
523 2841 551 2893 et
572 2835 652 2908 glot,
675 2839 764 2896 etsie
785 2838 876 2896 dicat:
903 2838 946 2898 De
965 2847 1092 2912 quattuor
1111 2845 1182 2909 aior,
1205 2843 1254 2900 udi

192 2936 309 2992 aulearia
329 2935 474 3005 ambulare,
497 2935 610 2993 liberum
630 2937 729 2993 lolem
746 2945 913 3009 potestatem.
938 2937 967 2995 st
983 2937 1022 2995 sio
1039 2939 1140 2997 lautum
1157 2938 1251 3011 luerit,

193 3039 260 3090 tanc
280 3032 333 3090 erit
353 3033 474 3098 amand,
504 3040 532 3091 et
558 3033 583 3090 ei
604 3034 693 3091 munit
713 3042 788 3092 certa
808 3033 940 3094 libertas:
967 3042 1063 3109 postea
1084 3038 1188 3096 nullam
1209 3053 1253 3095 re·

194 3130 359 3205 petitionem
380 3139 512 3204 patrunus
533 3132 664 3189 adversus
683 3131 775 3206 ipsum
796 3138 843 3190 aut
862 3133 936 3190 lilius
962 3133 1020 3208 ejus
1040 3133 1141 3192 habeat
1160 3140 1254 3208 potes·

194 3235 277 3288 tatem
298 3229 482 3302 requirendi;
513 3235 541 3288 et
560 3229 583 3287 si
604 3229 665 3287 siue
685 3231 804 3288 heredes
824 3231 971 3302 legerimus
998 3231 1057 3306 ipse
1079 3233 1127 3307 qui
1148 3234 1251 3291 amand

194 3328 282 3386 lactus
301 3334 342 3386 est
362 3335 486 3386 mortuus
506 3329 598 3396 luerit,
622 3329 707 3387 matis
726 3329 803 3401 regia
823 3329 865 3387 illi
884 3330 1017 3402 succidat,
1039 3347 1105 3390 nam
1125 3345 1183 3389 non
1204 3347 1254 3406 pa·

193 3432 291 3482 munus
311 3431 359 3483 aut
377 3425 488 3484 heredis
509 3426 630 3500 patroni.

274 3523 307 3600 S.
328 3523 356 3583 2.
379 3519 457 3597 (item
477 3526 533 3582 aliu
552 3523 695 3600 kapitulo.)
737 3523 871 3581 Similiter
891 3522 987 3598 etqui
1008 3523 1127 3600 inpane,
1161 3525 1254 3584 idest

194 3619 225 3676 in
244 3627 339 3678 autum
359 3622 450 3692 regis,
473 3621 638 3696 dimittitur,
660 3622 722 3696 ipsa
741 3623 804 3694 lege
825 3620 911 3694 vivat,
940 3621 1012 3680 sicut
1031 3630 1060 3682 et
1079 3623 1126 3699 qui
1149 3623 1253 3682 amund

195 3716 282 3776 iactus
302 3723 354 3777 est.

274 3816 305 3891 s.
326 3815 353 3876 3.
376 3813 455 3894 (item
474 3819 529 3877 eliu
549 3816 696 3894 iupittdu.)
726 3817 781 3888 Qui
803 3816 919 3875 lullreae
939 3817 1052 3891 iecerit,
1075 3824 1254 3895 etquattuor

194 3915 252 3974 vias
272 3915 298 3974 ei
318 3931 376 3973 non
398 3916 522 3988 dederit,
545 3923 572 3975 et
593 3917 735 3975 amanda
756 3933 805 3988 se,
826 3915 857 3973 id
877 3922 919 3973 est
938 3922 1110 3988 cananeum,
1134 3932 1191 3974 nou
1213 3916 1253 3975 le·

195 4013 274 4087 uerit,
297 4016 381 4072 talem
401 4016 493 4087 legem
510 4021 645 4089 patronus
662 4033 725 4073 oum
745 4015 838 4088 ipsum
851 4014 962 4086 habeat,
985 4022 1125 4088 tamquam
1145 4012 1167 4072 si
1188 4031 1252 4073 cum

194 4112 307 4172 tranem
327 4129 407 4171 suum
427 4119 475 4171 aut
495 4112 580 4172 alium
601 4119 746 4188 parentem
769 4130 849 4171 suum
875 4113 994 4171 liberum
1017 4111 1249 4185 langobardum:

194 4210 223 4268 id
244 4216 286 4269 est
305 4211 328 4269 si
345 4211 418 4269 tilius
438 4216 485 4268 aut
504 4211 575 4270 filias
595 4212 739 4284 legetiruas
760 4211 809 4286 qui
829 4210 943 4270 lulireae
965 4208 1052 4268 lactus
1074 4215 1188 4269 estnon
1210 4209 1252 4269 di·

194 4307 309 4381 miserit,
332 4315 464 4384 patrunus
485 4305 625 4380 succedat,
647 4310 718 4368 sieut
738 4307 986 4384 subterscriptum
1006 4313 1056 4368 est.
1196 4295 1199 4302 ¹

274 4408 305 4485 S.
327 4407 357 4466 d.
381 4405 458 4483 (lton
478 4409 533 4466 olio
552 4406 693 4484 teporata.)
724 4408 794 4467 ltem
816 4407 863 4482 qui
884 4405 990 4466 aldium
1010 4405 1101 4465 lacere
1120 4406 1250 4480 voluerit,

195 4521 253 4564 uon
274 4505 316 4565 illi
336 4505 378 4564 dit
398 4511 529 4580 quattuor
548 4505 616 4564 riae.

1023 4600 1042 4661 Β
