3022 5144
603 748 645 816 11.
680 746 756 814 Item
783 747 820 812 de
848 768 948 813 muro.

364 970 493 1035 ccvlu.
540 971 660 1032 Sicera
683 989 798 1030 merum
823 973 991 1051 [compet
1014 989 1101 1050 eaque
1124 970 1283 1049 cdpcdem
1357 963 1366 968 “

276 1103 366 1144 unum
403 1087 439 1145 eit
476 1103 622 1162 proteum,
661 1083 839 1164 duplicentur
872 1085 1027 1155 mercedes,
1069 1093 1096 1142 et
1123 1100 1210 1161 neque
1244 1084 1283 1142 cd

275 1199 398 1276 quinque
415 1199 501 1277 pedes
531 1199 724 1277 subqulnetur.
772 1195 860 1258 Haud
893 1196 1058 1258 obscurum
1090 1193 1165 1255 mibi
1196 1194 1284 1256 vide·

275 1316 334 1377 tur,
363 1308 519 1371 modulum
544 1308 754 1371 crassitudinis
784 1307 910 1370 muralis
940 1327 1009 1370 esse
1032 1327 1090 1389 pro
1114 1305 1282 1387 semipedis

276 1439 438 1483 mensura:
484 1422 594 1484 nostris
614 1407 718 1494 'etiam
748 1421 940 1502 temporibus
970 1419 1113 1482 modulus
1144 1419 1201 1481 iste
1235 1426 1283 1480 est

275 1551 346 1614 pars
369 1533 504 1615 aliquota
528 1534 672 1597 alicuius
680 1535 829 1616 probatae
853 1552 1026 1598 mensurae.
1074 1530 1151 1594 Cum
1181 1530 1222 1594 ita
1246 1551 1281 1592 se

277 1665 326 1706 res
350 1643 474 1726 babeat,
500 1667 557 1728 pro
581 1667 643 1710 uuo
666 1648 746 1728 pede
769 1646 958 1728 duplicatum
978 1645 1165 1726 stipendium
1189 1641 1285 1706 artifi-

280 1778 365 1833 cum,
404 1761 489 1842 quod
522 1761 631 1822 eadem
661 1760 798 1833 ratione,
833 1779 896 1841 qua
927 1767 958 1821 et
990 1758 1069 1820 muci
1099 1757 1280 1824 crassitudo,
1358 1784 1361 1790 ·

279 1872 467 1953 augebatur:
501 1873 579 1934 muri
609 1873 702 1934 crassi
736 1872 815 1934 ultra
846 1873 943 1953 pedes
967 1893 986 1933 v
1009 1869 1286 1951 infrequentissimi

278 1991 350 2045 tune
373 1985 535 2066 temporis,
561 1985 697 2066 ideoque
722 1985 762 2046 ad
785 2003 840 2047 eos
864 2005 926 2046 ooo
950 1983 1138 2066 respiciebat
1161 1981 1220 2044 lex.

366 2099 405 2158 Et
444 2100 477 2158 de
508 2100 569 2177 lpeo
598 2116 687 2158 muco
711 2100 819 2159 eadent
851 2118 904 2178 per
933 2099 1173 2160 solidamentum
1200 2097 1285 2175 pellea

260 2213 392 2271 'ducenti
417 2212 518 2288 alciati
549 2213 681 2290 quinque.
734 2211 901 2272 Numerum
934 2227 1038 2272 ccxxv
1067 2207 1199 2289 praetuli
1229 2224 1287 2268 ou-

281 2341 365 2382 mero
390 2341 478 2396 ccxv,
505 2331 536 2385 et
559 2324 641 2405 quod
666 2343 722 2404 per
745 2330 908 2384 extensum
924 2322 1083 2403 scriptum,
1107 2321 1160 2383 ubi
1183 2321 1284 2382 immi-

203 2479 206 2486 .
279 2441 352 2496 nuta
376 2436 497 2497 errandi
521 2435 664 2510 facilitas,
701 2444 732 2498 et
763 2435 846 2517 quod
871 2434 1107 2515 multiplicatum
1132 2431 1281 2495 exhibeat

279 2545 511 2627 perfectiorem,
551 2549 595 2612 uti
624 2549 656 2610 in
691 2548 810 2630 iegibus
840 2548 1033 2610 desideratur
1061 2547 1286 2628 cuiuscumque

283 2660 343 2722 loci
367 2669 398 2722 et
420 2663 580 2742 temporis.
609 2663 711 2724 Hosce
728 2675 853 2746 quoque
868 2680 969 2723 ccxxv
984 2661 1082 2741 pedes
1097 2681 1154 2741 pro
1178 2680 1286 2741 super-

282 2771 434 2834 ficialibus
466 2773 628 2836 habendos
661 2783 755 2856 puto;
790 2775 894 2856 iique,
932 2774 975 2836 uti
1000 2774 1141 2854 superius
1167 2773 1283 2856 monui,

281 2905 338 2966 per
361 2886 550 2966 semipedem
575 2885 766 2966 multiplicati
791 2886 942 2966 praebent
965 2886 1061 2966 pedes
1078 2884 1203 2946 cubices
1221 2904 1287 2968 oxu

282 3019 358 3060 sem.
405 2998 545 3079 Indeque
574 2997 672 3079 pretia
705 2997 816 3058 horum
847 3015 976 3078 operum
1000 3007 1030 3059 et
1053 2996 1285 3060 infradictorum

282 3111 320 3170 ad
344 3110 525 3192 aequiorem
549 3110 699 3202 rationem
725 3110 825 3174 ducta.

369 3223 401 3284 Sl
423 3242 487 3284 cero
510 3226 652 3285 teacinam
673 3225 833 3290 mutaverit.
862 3257 903 3268 -
924 3224 1043 3286 Maclco
1073 3244 1128 3286 seu
1151 3224 1283 3284 machino

282 3354 395 3397 nomen
436 3344 481 3397 est
516 3336 610 3418 lignei
645 3335 777 3398 aedificii
808 3334 959 3398 artificum
992 3327 1281 3401 caementariorum.

283 3449 366 3527 quod
400 3448 492 3530 vulgo
515 3459 603 3528 ponte
633 3451 671 3510 do
702 3460 847 3509 murotore
877 3448 1080 3529 appellamus.
1135 3446 1289 3511 Dehisce

285 3560 451 3633 machinis,
486 3579 540 3622 seu
570 3562 782 3643 pegmatibus‚
828 3561 992 3643 perspicue
1022 3562 1157 3624 isidorus
1188 3561 1287 3643 (Orig.

284 3675 368 3735 XIX.
384 3671 428 3755 8).
462 3672 670 3746 „Maeliiones
694 3674 766 3736 dicti
790 3694 808 3735 a
832 3672 983 3736 machinis
1006 3675 1120 3754 quibus
1143 3673 1289 3736 insistunt

287 3795 441 3867 „propter
474 3785 666 3848 altitudinem
694 3786 883 3867 parietum,“
937 3787 1024 3848 Unde
1055 3787 1137 3868 apud
1171 3785 1286 3858 Gallos,

279 3919 442 3962 murorum
479 3906 646 3983 structores
670 3899 769 3962 vocati
804 3913 926 3972 morona.
975 3901 1093 3962 Adsunt
1115 3907 1146 3962 et
1169 3899 1290 3982 glossae

286 4013 452 4086 ‘lavensem
480 4013 530 4075 ubi
555 4013 667 4094 legitur
689 4015 802 4073 macine
824 4014 855 4072 id
878 4022 916 4073 cst
933 4023 1095 4093 pontonem.

374 4127 427 4186 Det
452 4129 537 4205 pedes
567 4135 676 4186 coctum
699 4127 842 4204 octoplnto
864 4127 895 4184 io
918 4129 1038 4188 solidum
1069 4144 1168 4192 neem,
1202 4143 1290 4204 ecque

286 4241 323 4298 ad
341 4240 428 4318 pedm¹
448 4241 571 4318 quinque
593 4257 712 4302 sorsum.
761 4237 885 4300 Scilicet
919 4239 1002 4319 quod
1035 4258 1052 4299 v
1084 4238 1198 4318 pedum
1222 4236 1290 4299 alti·
