3048 5130
266 499 308 563 32
658 521 813 568 romanas
837 523 927 568 aneas

244 631 292 728 'ct
312 670 509 744 propteriaida
526 671 595 728 alios
615 689 669 739 xxa
691 673 726 730 de
746 673 893 731 mundium
913 681 1006 731 autem
1021 674 1139 748 qualiter
1158 675 1320 734 convenerit

263 776 291 827 et
312 771 356 826 lex
377 769 467 840 havet,
490 769 530 826 sic
550 775 643 826 tamen
665 771 687 828 ei
709 772 791 828 ambo
813 772 894 828 liberi
915 779 990 828 sunt.

341 871 425 928 115.
446 867 498 944 (De
518 879 646 940 sponsata
665 868 795 945 mortuo.)
837 871 867 928 Si
895 872 957 945 quis
989 871 1108 945 puellam
1136 879 1183 930 aut
1201 873 1319 930 veduam
1398 902 1402 910 ·

262 975 421 1041 sponsatam
442 968 587 1038 habuerit,
621 976 649 1025 et
667 971 823 1040 contegent
843 987 920 1027 casus
949 977 979 1026 ut
998 971 1057 1044 ipsa
1084 977 1164 1027 antea
1185 971 1319 1028 moriatur

263 1083 346 1139 quam
376 1071 489 1138 apatre
519 1075 566 1124 aut
595 1068 641 1140 qui
673 1068 819 1125 mundium
850 1069 910 1141 ejus
930 1075 1095 1142 potestatem
1121 1068 1198 1125 habit
1218 1070 1318 1127 tradita

262 1163 361 1233 fuissit,
384 1169 450 1220 tunc
470 1171 560 1234 meta,
583 1182 653 1237 quae
675 1166 738 1221 data
759 1165 849 1222 iuerat
868 1167 902 1222 ab
923 1166 972 1222 illo
993 1182 1116 1239 sponso,
1139 1167 1272 1224 reddatur
1292 1167 1318 1224 ci

261 1267 367 1317 tantum
388 1267 521 1334 quantum
542 1263 571 1318 in
592 1263 650 1334 ipsa
671 1267 744 1319 meta
766 1262 861 1328 dedita
885 1281 949 1321 nam
967 1263 1035 1320 alias
1048 1279 1092 1320 res
1110 1264 1184 1322 illius
1201 1265 1245 1335 sit,
1269 1265 1318 1338 qui

261 1360 406 1416 mundium
437 1359 494 1432 ejus
520 1361 548 1416 in
569 1365 734 1432 potestatem
755 1360 859 1418 hahere
880 1361 1004 1432 videtur,
1027 1379 1061 1418 eo
1083 1363 1158 1434 quod
1179 1369 1242 1420 ante
1263 1369 1318 1420 tra·

260 1456 366 1514 ditione
388 1463 497 1514 mortua
518 1464 567 1516 est.

341 1559 427 1614 116.
449 1554 494 1629 (St
513 1559 604 1614 aldtus
624 1573 736 1612 acorem
756 1557 841 1612 libero
861 1555 970 1631 tulerit.)
1002 1557 1031 1614 Si
1052 1557 1142 1615 aldius
1162 1559 1318 1632 cujuscum-

260 1670 314 1726 que
335 1655 424 1711 libera
444 1669 560 1712 oaorem
581 1653 702 1719 tulerit,
725 1655 755 1710 id
775 1662 818 1711 est
836 1654 965 1723 iulireal,
996 1661 1024 1710 et
1049 1656 1195 1713 mundium
1221 1658 1256 1713 de
1284 1675 1317 1714 ea

260 1752 375 1818 lecerit,
399 1759 444 1820 et,
477 1759 657 1825 posteaquam
678 1751 752 1807 lilius
774 1752 911 1822 habuerit,
935 1752 1048 1809 maritus
1069 1759 1193 1811 mortuos
1214 1755 1313 1812 luerit:

259 1851 282 1907 si
304 1851 404 1908 mulier
423 1849 452 1905 in
480 1849 541 1921 ipsa
566 1866 628 1906 casa
650 1849 771 1906 noluerit
792 1866 971 1921 permanere,
1003 1856 1031 1908 et
1051 1831 1179 1923 parentes
1200 1869 1261 1910 eam
1281 1854 1316 1911 ad

181 1941 186 1945 ’
257 1965 287 2005 sc
307 1950 478 2019 recollegere
498 1948 661 2016 vulnerent,
696 1947 816 2004 reddant
845 1949 982 2020 praetium
1010 1949 1086 2020 quod
1118 1966 1168 2022 pro
1198 1951 1315 2008 mundio

258 2046 345 2120 ipsius
360 2046 485 2103 mulieris
505 2045 599 2101 datum
622 2052 663 2101 est
682 2045 737 2102 illis
757 2045 857 2118 quibus
877 2045 966 2102 aldius
982 2045 1033 2102 luit
1052 2052 1081 2102 et
1096 2047 1242 2104 mundium
1257 2049 1315 2122 ejus

258 2144 341 2210 lecit3
363 2151 429 2201 tunc
450 2144 498 2200 illa
518 2142 623 2214 absque
640 2144 804 2216 morgincap
825 2149 871 2200 aut
884 2143 984 2216 aliquit
1003 2145 1038 2200 de
1059 2145 1141 2202 rebus
1161 2146 1252 2203 mariti
1273 2164 1316 2203 re-

257 2248 378 2298 vertatur
406 2242 460 2298 sibi
491 2241 526 2298 ad
556 2248 685 2314 parentes
715 2258 780 2298 suos
809 2258 872 2297 cum
898 2243 981 2298 rebus
1002 2244 1075 2307 suis,
1108 2243 1130 2299 si
1154 2244 1260 2317 aliquid
1280 2246 1316 2301 de

257 2346 385 2412 parentes
397 2339 520 2397 adduxit.
542 2339 621 2395 Etsi
643 2339 693 2396 filii
714 2341 750 2395 de
772 2339 831 2413 ipsa
851 2339 968 2396 muliere
980 2341 1098 2412 luerent,
1121 2348 1150 2397 et
1166 2343 1316 2404 noluerent

255 2437 284 2493 in
306 2452 368 2494 casa
389 2437 474 2510 patris
495 2438 603 2505 sedero,
625 2454 669 2494 res
690 2444 818 2510 paternas
839 2437 1003 2508 demittant,
1028 2446 1055 2495 et
1075 2439 1191 2496 mundio
1212 2457 1263 2512 pro
1284 2457 1314 2498 se

255 2535 374 2592 reddant
403 2541 538 2608 quantum
560 2553 610 2609 pro
630 2543 748 2593 matrem
769 2551 866 2593 eorum
887 2537 981 2595 datum
1001 2543 1060 2607 cst,
1091 2543 1120 2594 et
1138 2538 1239 2594 vadant
1260 2539 1314 2596 sibi

254 2633 302 2689 ubi
323 2634 468 2690 voluerent
487 2634 576 2693 liberi.

336 2734 414 2789 111.
435 2729 487 2804 (De
514 2735 591 2788 aldio
621 2735 668 2804 qut
696 2749 802 2788 acuum
827 2734 914 2789 tolcrr‘t
938 2731 1076 2805 moritus.)
1118 2733 1147 2790 Si
1174 2733 1245 2790 aldia
1267 2741 1315 2792 aut

166 2893 168 2900 ¹
256 2829 357 2887 liberta
376 2829 407 2886 in
426 2845 518 2887 casam
529 2829 650 2886 alienam
671 2830 707 2885 ad
722 2829 853 2886 maritum
868 2829 1013 2886 intraverit
1032 2836 1060 2886 et
1077 2846 1187 2887 servum
1207 2833 1310 2904 tulerit,

254 2926 411 2985 libertatem
432 2944 509 2985 suam
530 2927 645 2986 amittat.
668 2927 745 2984 Etsi
766 2927 895 2983 dominus
917 2926 1068 2983 neclexerit
1087 2945 1149 2985 eam
1169 2931 1312 3002 replegare

193 3045 196 3052 ’
255 3025 292 3082 ad
306 3025 459 3095 servitium,
481 3032 592 3082 mortuo
613 3031 706 3081 tamen
722 3024 862 3090 maritum,
885 3025 966 3080 vadat
986 3025 1039 3081 sibi
1060 3042 1143 3082 unam
1165 3045 1225 3086 cum
1247 3029 1312 3086 liliis

254 3123 321 3192 suis,
344 3130 455 3180 etcum
477 3140 574 3180 omnes
595 3139 638 3180 res
659 3128 776 3196 quantas
797 3122 826 3178 in
849 3128 973 3194 tempore
993 3125 1106 3196 quando
1127 3126 1161 3182 ad
1182 3127 1312 3184 maritum

254 3221 366 3279 intrarit
385 3239 480 3279 secum
500 3222 634 3290 adduxit,
662 3238 728 3278 uam
748 3221 867 3292 amplius
889 3222 964 3277 nulla
986 3229 1186 3294 consequatur;
1216 3225 1311 3282 vitium

254 3335 334 3377 suum
355 3321 466 3392 reputit,
490 3323 537 3393 qui
560 3336 669 3376 servum
689 3319 838 3377 consensit

333 3421 417 3476 118.
440 3417 484 3488 (Sl
504 3421 594 3475 aldim
614 3419 717 3474 aldium
738 3433 847 3474 ocorem
867 3413 975 3490 interit.)
997 3416 1027 3472 Si
1048 3417 1137 3474 aldius
1158 3419 1311 3492 cujuscum-

254 3531 308 3589 que
329 3516 432 3572 aldiam
451 3521 499 3573 aut
518 3516 646 3572 libertam
668 3515 761 3572 tolerit
782 3530 912 3584 exorem,
944 3520 973 3570 et
999 3514 1072 3571 lilius
1092 3532 1127 3572 ex
1153 3518 1214 3589 ipso
1235 3519 1309 3575 coito

156 3671 158 3680 ,
253 3612 410 3681 habuerint,
434 3619 511 3685 pater
531 3620 698 3686 sequantur,
722 3613 778 3670 siut
798 3611 863 3669 aldii
886 3611 976 3686 qualis
997 3616 1025 3668 et
1044 3619 1130 3685 pater.

332 3712 418 3769 1111.
460 3711 490 3768 Si
511 3711 600 3768 aldius
621 3712 750 3768 ancillam
771 3727 848 3768 suam
869 3715 916 3768 aut
936 3710 1048 3793 alterius
1070 3711 1163 3769 tolerit
1185 3713 1220 3770 ad
1242 3731 1309 3772 oxo-

251 3828 322 3882 rem,
344 3810 395 3867 lilii
417 3809 465 3883 qui
487 3827 522 3865 ex
548 3827 581 3866 ea
603 3817 754 3867 nascuntur
774 3810 830 3866 sint
849 3810 920 3866 servi
942 3809 1018 3882 cujus
1044 3816 1072 3866 et
1091 3817 1179 3868 mater
1198 3814 1308 3873 aneilla,

332 3912 422 3967 110.
451 3908 481 3965 Si
502 3908 603 3964 ancilla
618 3909 816 3981 cujuscumque
836 3908 865 3964 in
887 3925 978 3965 casam
997 3909 1108 3966 alterius
1128 3910 1164 3966 ad
1180 3911 1309 3968 maritum

251 4008 395 4066 intraverit
423 4014 450 4065 et
479 4023 587 4064 servum
614 4007 727 4076 tolerit,
767 4006 836 4063 nihil
859 4007 894 4064 de
915 4007 975 4079 ipsa
995 4024 1057 4064 casa
1078 4009 1177 4067 marito
1199 4017 1308 4068 mortuo

251 4112 468 4180 consequantur,
491 4105 544 4163 uisi
565 4112 699 4179 quantum
720 4122 814 4162 secum
834 4106 957 4162 adduxit.

331 4206 413 4262 111.
455 4203 487 4261 Si
515 4220 608 4261 servus
629 4204 716 4261 libera
737 4204 884 4260 mulierem
906 4211 953 4260 aut
977 4205 1100 4278 puellam
1122 4221 1205 4262 ausus
1226 4205 1309 4261 luerit

249 4302 302 4360 sibi
323 4303 353 4359 in
375 4303 507 4376 conjugio
527 4303 644 4372 sociare,
669 4302 761 4359 anime
782 4318 848 4358 suaa
870 4302 994 4360 incurrat
1016 4303 1182 4376 periculum,
1212 4309 1241 4360 ct
1259 4303 1307 4360 illa

250 4399 299 4472 qul
321 4417 429 4457 servum
450 4400 535 4458 tuerit
562 4400 739 4458 consentiens
767 4400 887 4457 lrabeant
912 4409 1040 4474 parentes
1061 4406 1224 4474 potestatem
1245 4419 1307 4458 eam

250 4496 396 4555 occidendi
417 4503 466 4555 aut
485 4498 552 4556 ioris
573 4499 716 4572 provincia
736 4499 971 4570 transcendendi,
999 4506 1027 4556 at
1055 4499 1089 4556 de
1110 4499 1193 4556 rebus
1220 4499 1307 4574 ipsius
