3048 5130
564 513 701 558 unrcrurr
725 513 791 560 err.
810 505 953 554 rer-ata.
1242 489 1283 556 at

230 679 302 734 cem,
323 663 377 722 sibi
398 669 490 722 sextus
507 663 576 737 jurit
595 663 630 720 ad
650 657 726 720 arma
746 668 871 728 sacmtaa
893 669 948 720 tres
967 661 994 719 ei
1016 661 1137 720 uominit
1156 661 1204 736 qul
1225 663 1287 737 pul·

230 767 289 829 sat,
320 768 349 818 et
368 761 439 818 duos
460 762 562 818 liberos
582 761 635 820 sibi
657 763 749 832 elegat
769 760 859 834 qualis
880 760 998 818 voluerit
1019 761 1066 834 qui
1088 761 1231 834 pulsatur,
1259 767 1288 818 et

230 866 323 916 sextus
342 860 378 916 sit
397 859 465 931 ipse.
508 860 544 916 Et
571 859 594 916 si
622 858 714 917 minor
742 858 825 916 luerit
850 875 932 916 causa
952 859 988 914 de
1009 858 1158 915 duodicem
1178 858 1285 929 solidis,

230 956 283 1016 sibi
301 957 396 1039 tertius
408 957 483 1030 juret
497 956 532 1012 ad
550 973 640 1022 armar
663 972 750 1014 unum
769 956 796 1014 ei
810 955 942 1022 nominlt,
965 961 993 1012 et
1005 955 1091 1014 alium
1107 955 1161 1013 sibi
1176 962 1284 1030 querat,

231 1061 259 1112 et
279 1053 376 1110 tertius
396 1054 432 1110 sit
453 1051 523 1126 ipse.

311 1153 404 1210 80⁰.
428 1149 477 1224 (De
496 1153 590 1207 wadio
610 1156 635 1207 et
653 1147 907 1224 fideicommisi
930 1149 992 1223 quis
1013 1150 1059 1207 alii
1076 1150 1164 1208 wadia
1181 1152 1289 1209 etlidc·

227 1249 365 1323 iussorem
386 1249 422 1306 de
442 1255 644 1306 sacramentam
665 1248 791 1319 dederit,
821 1264 872 1322 per
902 1248 996 1306 omnia
1023 1249 1101 1323 quod
1129 1265 1180 1322 per
1199 1249 1288 1306 wadia
1325 1243 1327 1247 ’

231 1348 369 1420 ablegavit
389 1346 538 1420 adimpleat
579 1347 616 1403 Et
636 1347 684 1403 ille
705 1347 753 1419 qui
774 1348 879 1420 pulsat,
910 1352 938 1404 et
965 1346 1014 1403 ills
1043 1346 1091 1420 qui
1117 1347 1242 1420 pulsatur
1261 1353 1289 1404 et

231 1446 319 1503 wadia
340 1445 471 1518 suscepit,
495 1443 679 1518 proximiores
698 1446 911 1502 sacramentales
932 1445 980 1518 qui
998 1446 1140 1502 nascendo
1154 1452 1220 1502 sunt
1240 1446 1289 1502 dc·

231 1551 293 1602 reat
314 1543 476 1609 nominaret
501 1550 607 1600 tautum
628 1551 679 1613 est,
703 1549 819 1616 excepto
840 1542 920 1599 illum
941 1544 990 1617 qui
1011 1560 1121 1614 gratem
1142 1544 1288 1602 inimicitia

231 1660 293 1700 cum
314 1641 406 1716 ipsum
427 1641 474 1715 qui
496 1642 587 1714 pulsat
607 1641 753 1698 comissam
774 1640 870 1710 habit,
900 1641 973 1698 idest
993 1640 1040 1713 qui
1062 1643 1144 1713 plaga
1165 1642 1190 1698 ei
1212 1643 1287 1715 lecit,

231 1748 279 1800 aut
299 1741 328 1797 in
349 1745 466 1797 mortem
488 1739 649 1809 consensit,
681 1745 792 1795 autres
821 1754 884 1796 scas
904 1737 952 1795 alii
974 1738 1125 1810 thingavit‚
1149 1739 1209 1812 ipse
1230 1757 1288 1798 nou

233 1847 323 1913 potest
344 1854 404 1894 esse
424 1838 641 1908 sagramentales
662 1835 786 1910 quamvis
808 1836 950 1909 proximus
971 1837 1021 1902 rit,
1053 1851 1088 1892 eo
1111 1838 1188 1909 quod
1209 1837 1291 1896 nimi-

231 1953 280 1994 cus
300 1944 347 1995 aut
367 1943 514 2016 extraneus
535 1934 676 1992 inuenitur
697 1950 765 1994 esse.

266 2063 268 2068 v
311 2037 394 2095 861.
438 2033 469 2089 si
496 2034 558 2106 quis
589 2033 635 2090 alii
663 2049 713 2106 pro
744 2048 919 2105 quacumque
950 2047 1031 2088 causa
1063 2031 1152 2089 wadia
1179 2040 1208 2089 et
1228 2033 1291 2092 fidi-

229 2131 337 2204 iussore
359 2132 394 2188 de
416 2134 588 2188 sacramento
610 2130 735 2195 dederit,
768 2130 809 2186 dit
829 2130 855 2186 ei
875 2128 1002 2203 spacium
1022 2145 1109 2202 usque
1136 2131 1172 2188 ad
1192 2131 1292 2189 duodi-

232 2246 293 2287 cem
315 2230 405 2286 uoctis
426 2230 460 2286 ad
482 2229 573 2302 ipsum
594 2235 796 2286 sacramentum
821 2227 961 2293 dandum3
984 2233 1011 2284 et
1028 2227 1051 2284 si
1079 2228 1204 2300 forsitan,
1226 2246 1291 2304 pro-

233 2334 294 2399 pter
302 2327 490 2398 egritudinem
505 2333 553 2384 aut
572 2325 654 2382 aliam
669 2341 779 2382 causatu
797 2325 1048 2398 supervenientem,
1071 2325 1101 2382 iu
1117 2327 1291 2400 praedictum

233 2425 412 2482 coustitutum
434 2442 492 2481 non
515 2423 637 2498 potuerit
655 2423 765 2496 jurare,
797 2424 982 2496 suspendatur
1009 2440 1119 2482 causam
1147 2427 1291 2499 usquead

234 2522 301 2580 alias
322 2523 470 2581 duodecim
492 2522 591 2580 noctis.
619 2522 656 2578 Et
676 2521 700 2578 si
721 2538 774 2579 uec
795 2528 860 2578 tuno
879 2523 1061 2594 conplorent,
1085 2531 1113 2580 et
1134 2531 1222 2582 totum
1243 2543 1292 2582 an·

234 2637 301 2677 num
318 2637 404 2678 unum
424 2619 597 2678 uoluntariae
618 2619 790 2689 dilataverit,
819 2625 846 2676 et
867 2625 1070 2677 sacramentum
1091 2638 1149 2678 nun
1171 2623 1289 2691 dederit,

233 2725 299 2776 tuuc
320 2735 379 2778 rem
399 2719 488 2792 ipsam
509 2717 584 2774 uude
605 2717 696 2788 agitur
716 2717 838 2787 amittat,
862 2725 890 2774 et
910 2717 958 2774 ille
979 2718 1114 2792 adquerat
1132 2721 1181 2793 qui
1203 2721 1292 2779 wadia

233 2817 362 2889 suscepit.
390 2816 428 2872 Et
447 2815 588 2874 contrario
610 2815 633 2872 si
655 2815 702 2872 ille
724 2814 771 2888 qui
793 2815 882 2872 wadia
903 2816 1056 2889 susceperit
1075 2809 1230 2876 dilataverit
1250 2821 1293 2877 sa·

236 2921 410 2972 crumentum
430 2914 544 2983 audire,
565 2919 593 2970 et
613 2925 688 2970 anno
710 2918 769 2970 toto
790 2913 966 2985 protraxerit,
989 2921 1052 2986 post
1072 2917 1202 2974 transacti
1224 2918 1293 2974 anui

234 3011 354 3085 spatium
365 3013 440 3069 nulla
452 3017 479 3068 et
488 3011 517 3068 in
530 3017 673 3084 posterum
684 3011 784 3070 habeat
792 3011 952 3082 saguu'diam
963 3011 997 3068 de
1007 3011 1096 3084 ipsam
1106 3029 1165 3070 rem
1175 3015 1293 3087 loqueu-

235 3109 275 3175 di,
299 3110 348 3166 sed
369 3109 417 3167 ille
438 3110 484 3183 qui
503 3115 613 3182 paratus
631 3107 682 3166 luit
703 3114 904 3166 sacramentum
927 3109 992 3166 dare
1008 3109 1125 3168 firmiter
1141 3111 1290 3184 possideat.

315 3210 404 3266 802·
426 3207 470 3282 (Si
484 3215 544 3280 post
564 3215 760 3264 sacamentum
774 3209 928 3279 judicatam
949 3209 1048 3278 aliquis
1067 3207 1223 3284 morimur.)
1262 3209 1292 3266 Si

235 3307 392 3376 contegerit
410 3305 517 3364 homiui
538 3311 601 3378 post
622 3305 716 3362 datum
736 3305 899 3377 fidejussore
921 3304 955 3361 de
977 3314 1180 3364 sacramentum
1202 3314 1231 3364 et
1250 3324 1294 3366 sa·

235 3405 419 3474 gramentales
440 3402 600 3461 nominatus
620 3401 710 3472 mori,
734 3409 762 3459 et
783 3403 857 3459 tilius
878 3402 1032 3468 dimiserit,
1065 3412 1217 3480 posteaque
1245 3407 1293 3464 ille

236 3502 285 3576 qui
306 3517 416 3559 causam
438 3501 529 3574 querit
545 3499 695 3574 pulsaverit
712 3500 796 3566 filius,
821 3499 951 3569 dicendo,
974 3499 1040 3573 quis
1055 3500 1198 3576 Quidquid
1215 3514 1294 3578 poter

235 3617 283 3672 per
302 3603 396 3656 wadio
416 3606 440 3656 ct
458 3602 640 3672 fidejussorem
664 3601 809 3672 obligauit,
840 3600 911 3669 pilius
938 3601 1059 3672 empore
1086 3602 1197 3670 delean
1229 3610 1294 3660 tunc

236 3714 350 3756 necesse
372 3703 414 3754 est
434 3697 526 3767 lilius,
558 3696 682 3771 quamuis
710 3697 838 3754 virtutem
866 3696 1005 3754 minorem
1025 3697 1148 3757 habeant
1168 3718 1183 3757 a
1203 3708 1291 3773 patre,

237 3802 284 3857 aut
303 3812 354 3870 per
373 3801 577 3867 sagramentum
599 3811 701 3866 negare
723 3795 799 3867 quod
820 3801 897 3867 pater
918 3811 1015 3852 eorum
1037 3813 1095 3853 nou
1116 3797 1291 3876 prominent,

238 3901 285 3954 aut
304 3902 377 3952 certe
399 3894 475 3968 quod
496 3901 574 3968 pater
593 3910 690 3950 eorum
705 3893 857 3966 spopondit
872 3893 1024 3969 adinpleat.
1049 3895 1085 3950 Et
1105 3895 1128 3952 si
1144 3896 1245 3969 aliquis
1259 3897 1293 3954 de

237 3993 313 4070 ipsos
327 3991 534 4050 sacramentalis
551 3998 675 4048 mortuos
686 3990 778 4061 luerit,
791 3997 955 4064 potestatem
970 3993 1071 4050 habeut
1079 3992 1127 4050 ille
1146 3993 1193 4066 qui
1204 3996 1295 4067 pulsat

238 4089 267 4147 iu
289 4091 381 4148 locum
392 4090 494 4148 mortui
515 4088 600 4148 alium
616 4089 741 4148 semilem
758 4089 902 4148 nominare
923 4090 959 4148 de
976 4089 1119 4162 proximos
1134 4092 1292 4166 legetimos,

239 4194 285 4245 aut
305 4187 340 4244 de
353 4193 443 4253 natos,
468 4194 515 4245 aut
529 4187 564 4249 dc
581 4186 751 4260 gamahalos,
773 4187 803 4244 id
820 4193 861 4244 est
876 4187 1078 4245 confabulatus.
1101 4188 1139 4245 lit
1148 4189 1177 4246 'si
1195 4191 1296 4249 dixerit

240 4285 287 4358 qui
301 4286 391 4358 pulsat
411 4285 487 4358 quod
500 4290 704 4356 sagramentum
714 4292 826 4358 ruptum
840 4284 939 4356 fuissit,
956 4291 1069 4359 preveat
1088 4297 1294 4359 sagramentum

240 4384 288 4456 qut
298 4390 392 4454 negat,
405 4383 427 4438 si
438 4399 519 4442 ausus
528 4383 620 4452 luerit,
633 4382 698 4454 quia
709 4399 801 4457 neque
810 4381 881 4456 patri
892 4399 983 4458 neque
995 4383 1082 4455 ipsius
1090 4395 1295 4458 ornamentum

240 4487 336 4554 ruptus
359 4495 418 4540 non
439 4480 544 4539 tuinit:
576 4487 672 4553 poster
695 4479 763 4552 iurit
782 4481 853 4542 sicut
873 4495 955 4554 supra
976 4481 1156 4543 coustitutum
1176 4491 1226 4548 est.

539 4577 542 4583 .
1035 4575 1081 4637 μ
