3048 5130
559 537 698 583 aosccass
721 538 787 586 css.
802 533 855 577 c-
867 532 902 576 n.
1248 526 1268 587 5

279 689 347 752 Epo
375 687 411 738 in
435 689 496 739 Dei
521 689 658 738 nomine
681 687 837 738 sortitos
862 689 916 736 oir
943 687 1269 754 excellentissimus,

208 784 238 827 et
256 779 535 840 septimodecimo
553 789 615 826 rec
631 777 742 840 pontis
760 775 1083 839 Lanpoocrdorum,
1110 792 1196 838 anno,
1216 781 1270 832 Deo
1370 765 1378 790 ‘

205 867 381 930 propitiante,
401 867 473 930 repni
491 866 542 916 mei
560 866 665 931 cucco,
687 865 828 928 aetatisque
843 866 985 914 tricessimo
1004 866 1110 924 octaba,
1130 869 1271 920 indictione

208 955 328 1020 secunda,
349 961 372 1004 et
388 963 448 1016 post
466 955 576 1004 adcanto
593 955 622 1003 in
639 955 776 1016 provincia
794 953 1138 1018 ltalioelanpobacdorum,
1159 971 1190 1006 ea
1208 972 1268 1021 quo,

208 1044 342 1094 Atiain
370 1051 431 1092 tunc
450 1045 570 1106 temporie
588 1057 659 1107 repe,
689 1043 877 1104 pcaeccdmtcm
895 1043 987 1092 divina
1003 1045 1137 1104 potentia,
1166 1047 1271 1098 adducti

208 1139 277 1189 sunt,
297 1147 367 1182 anno
385 1133 568 1195 septuapcsimo
587 1138 667 1185 secto.
687 1131 800 1194 feliciter.
839 1131 909 1180 Dato
928 1132 1026 1188 Ticino,
1045 1133 1074 1180 in
1092 1133 1205 1183 Palatio.

281 1221 387 1282 Quanto
408 1233 457 1282 pra
482 1219 652 1282 subjectorum
669 1227 818 1270 nostrorum
837 1220 971 1269 commoda
989 1226 1093 1271 nastros
1109 1222 1160 1285 fuit
1178 1225 1271 1274 soltici-

200 1310 306 1359 -cudinis
324 1324 388 1359 cura
406 1317 428 1368 et
446 1316 490 1368 cst,
510 1310 595 1359 subter
613 1311 717 1359 adneca
735 1315 808 1358 tenor
825 1310 955 1366 dccicrot,·
972 1305 1092 1372 precipue
1103 1319 1158 1360 tam
1164 1322 1271 1376 propter

208 1399 333 1448 adsiduas
355 1399 521 1462 {atipationes
543 1413 704 1461 pauperum,
734 1413 814 1462 quam
841 1400 920 1448 ctiam
946 1399 1088 1466 superfiuas
1115 1405 1268 1459 coactiones,

208 1486 241 1536 ab
260 1488 299 1536 his
317 1489 361 1551 qui
379 1486 478 1550 majore
496 1489 589 1536 uirtute
607 1487 746 1546 natentur,
776 1500 840 1550 quas
857 1488 934 1537 mado
952 1489 1005 1536 oim
1021 1491 1081 1550 pati
1098 1494 1270 1553 capnooimus.

209 1575 247 1624 Ob
266 1576 322 1628 isac,
342 1577 529 1626 considerantes
545 1576 593 1625 Dci
611 1577 794 1638 omnipotentis
810 1577 935 1638 praciam,
955 1579 1126 1626 necessarium
1144 1593 1194 1629 csse
1209 1568 1270 1642 ¹pro·

207 1666 340 1726 specimus
356 1671 497 1727 presentem
515 1677 639 1728 correacre
658 1665 743 1728 lepem
764 1666 961 1728 quampriores
979 1666 1093 1715 homines
1110 1675 1229 1719 reuocent
1247 1677 1271 1722 et

207 1754 354 1808 emendent,
381 1761 404 1804 ct
422 1755 490 1818 quod
508 1755 574 1804 esen
592 1755 724 1818 adiciant,
752 1760 774 1804 ct
793 1755 862 1818 quod
879 1753 1037 1820 superfluum
1055 1761 1090 1804 est
1109 1755 1268 1811 abscindant.

208 1843 241 1891 tn
259 1857 340 1892 unum
357 1844 516 1904 previdimus
533 1845 662 1894 uolumine
685 1844 906 1905 conplectendum,
933 1844 1056 1906 quatinus
1074 1843 1148 1894 liceat
1169 1847 1270 1896 unicui-

207 1945 264 1994 que,
284 1933 359 1981 satoa
377 1933 427 1997 leae
445 1940 467 1982 et
479 1931 623 1995 justitiam,
643 1933 724 1997 quiete
741 1933 832 1988 uiuere,
853 1937 876 1982 ct
892 1939 997 1994 propser
1015 1933 1161 1994 opinionem
1179 1941 1270 1986 contra

205 2021 326 2069 inimicas
343 2021 474 2073 iaiarnrc.
495 2035 568 2085 seque
586 2035 693 2085 suosque
710 2021 840 2084 defendere
856 2022 927 2086 fines.

279 2110 383 2169 Tamen,
404 2124 564 2173 quamqrmm
579 2110 640 2160 iaec
657 2111 696 2160 ita
710 2124 734 2159 sc
745 2110 864 2163 habeant,
884 2110 972 2159 utilem
983 2112 1173 2173 prospeximus,
1190 2126 1270 2176 psop-

206 2205 245 2248 tsr
261 2198 344 2261 futuri
362 2201 484 2260 temporis
497 2198 658 2254 memoriam,
679 2200 788 2247 nominc
806 2205 893 2262 sepum
909 2205 1095 2248 antecessorum
1109 2207 1266 2256 nostrorum.

206 2300 239 2334 em
257 2300 306 2349 quo
334 2287 363 2335 in
387 2295 457 2350 pente
475 2295 566 2337 nostra
584 2287 817 2350 Lanpooordcrum
834 2300 903 2350 repes
921 2289 1053 2338 nominati
1072 2299 1190 2350 ceperunt
1209 2305 1267 2345 esse.

205 2377 237 2424 in
254 2381 381 2438 quantum
396 2389 444 2438 per
462 2377 584 2440 antiquos
601 2377 715 2426 nomines
733 2377 887 2430 dedicimus,
908 2377 937 2426 in
954 2377 1007 2426 icoc¹
1018 2379 1169 2428 membrano
1189 2381 1270 2429 adno-

207 2465 261 2514 tari
274 2461 408 2527 jussimus.

313 2551 374 2602 Fuit
391 2555 491 2615 primus
508 2567 555 2604 ceo
573 2554 771 2618 Apelmund,
792 2567 823 2604 ccc
839 2567 927 2617 ponere
945 2551 1084 2619 Gscpinpus.

314 2642 444 2693 Secundus
462 2645 635 2694 Lamisso.

316 2732 414 2781 Tertius
432 2733 519 2785 Leti.

315 2820 429 2882 Qunctm
447 2819 618 2878 Siideisac,
637 2820 706 2886 tilius
724 2819 795 2871 Leti.

315 2907 427 2972 Quintus
446 2907 615 2963 Godenoc.
636 2909 705 2974 ptius
723 2908 843 2960 Siidsioc.

315 2997 408 3048 Sectus
426 2998 555 3062 claffo,
575 2998 644 3062 fitius
663 2995 785 3058 Godeisac.

314 3085 441 3150 Septimus
459 3088 567 3144 Tota,
586 3087 655 3151 filins
673 3084 792 3149 cioffani.
811 3086 876 3135 Toto
894 3093 917 3136 et
937 3087 1038 3136 Unimts
1055 3088 1103 3154 ,itti
1121 3088 1251 3154 Ciaffonis.

315 3175 425 3225 Octoius
446 3175 586 3234 Wacito,
605 3175 675 3240 filius
694 3174 804 3232 Uniciin
824 3188 904 3237 nepus
923 3176 1026 3226 Potoni.

313 3265 403 3314 Nonus
424 3264 612 3314 Waittsari.

313 3353 431 3403 Decimus
449 3354 603 3408 Audoin,
624 3366 760 3417 seponere
779 3349 888 3404 camus.

317 3443 466 3492 Undecimus
483 3442 618 3502 Aiioin,
639 3443 707 3508 ptius
725 3442 837 3495 Audoin.
858 3443 903 3505 qui
918 3443 1066 3500 exercitum,
1085 3449 1220 3505 utsupra,
1240 3445 1269 3495 in

348 3531 429 3581 ltalia
448 3531 566 3581 adducit.

313 3621 484 3670 Duodecimus
503 3620 621 3682 clepit,
641 3633 673 3670 ca
690 3633 778 3684 penne
795 3619 889 3670 Beleos.

315 3710 508 3759 Tertiadccimus
526 3709 686 3762 Anchari,
706 3709 776 3774 filius
794 3708 878 3771 clepit.

316 3799 525 3861 Qucnodannm
543 3797 704 3862 epitasis,
725 3798 862 3860 turinpus,
883 3810 915 3846 en
931 3809 1018 3859 ponere
1035 3799 1157 3848 dnonas.

317 3887 523 3950 Quintodecimus
541 3887 732 3946 Adlosoaid,
752 3887 821 3952 filius
839 3885 946 3950 Apiiuif.

316 3975 504 4027 Sectodecimus
521 3976 708 4030 Ariosoaid,
729 3989 761 4026 ecc
778 3989 865 4041 penore
883 3975 995 4038 Caupus,

317 4065 540 4127 Septimadecimus
558 4066 627 4130 Epo
645 4065 751 4135 inDci
767 4067 902 4114 nomine
920 4065 976 4129 qui
993 4077 1099 4126 supro
1113 4063 1270 4117 ROTHARI

350 4156 419 4209 rec.
440 4155 543 4218 [iiius
560 4155 731 4218 Nandinp,
753 4167 784 4204 eac
801 4167 888 4217 patere
905 4155 1016 4205 Aradus.
1053 4153 1175 4216 Nandinp
1199 4155 1267 4219 filius

349 4243 478 4300 Nocconi,·
505 4244 587 4293 Nocso
614 4244 683 4310 (iiius
706 4243 854 4300 Alcmund,·
883 4244 1015 4293 Atamund
1040 4243 1109 4307 filius
1134 4241 1264 4303 dianam

326 4330 463 4383 'Amenan
481 4333 550 4398 ,iiius
568 4333 689 4389 Hiiconi,·
717 4333 794 4382 Hiino
818 4333 886 4399 fliius
908 4331 1048 4390 Weiiloni,·
1080 4331 1176 4382 Weisdc
1198 4333 1267 4400 filins

354 4421 459 4480 moni:
483 4423 542 4472 Wco
560 4422 629 4488 fliius
646 4421 791 4481 Frocioni3
819 4421 917 4473 Frocio
934 4421 1002 4488 filius
1019 4421 1134 4472 Facioni
1143 4435 1154 4480 ,·
1171 4419 1265 4474 'Facio

352 4511 422 4577 fitius
439 4511 606 4571 Mammoni3
625 4512 742 4565 Hammo
759 4511 828 4578 filius
846 4512 967 4562 Obtnora.
1054 4537 1057 4544 ·
