3048 5130
594 535 731 582 unreruu
754 537 821 584 cnr,
836 533 847 575 ι
863 557 887 564 -
903 533 925 578 s.
1250 517 1294 579 5⁷

236 686 310 744 tinus
330 686 357 743 ei
379 686 583 759 permittimus,
611 695 652 744 set
681 687 781 745 serviat
811 689 882 745 sicut
909 687 984 744 decit
1007 703 1104 746 servus
1124 695 1171 745 aut
1192 687 1293 745 ancilla

237 784 352 858 proprio
375 785 491 841 domino
512 801 571 844 suo.
600 785 735 843 Similiter
755 792 782 842 et
802 785 823 841 si
846 787 935 842 aldius
957 786 1048 850 luerit,
1072 787 1207 859 inpendat
1227 787 1295 842 obe-

238 882 344 938 dientia
365 889 483 954 patrono
506 899 556 939 suo
576 884 648 940 sicut
668 900 717 957 per
737 884 858 954 trigenta
878 901 967 940 annos
989 884 1065 950 lecit,
1091 885 1163 940 etei
1185 900 1255 940 nova
1277 901 1294 940 a

237 981 353 1036 domino
375 997 426 1036 suo
448 980 566 1052 amplius
593 997 651 1037 uon
681 981 849 1054 inponatur,
878 983 927 1038 sed
955 982 1038 1039 leciat
1065 1000 1131 1039 eum
1158 993 1203 1038 res
1232 997 1295 1038 suas

237 1079 340 1135 habere
361 1095 429 1152 quas
451 1079 640 1152 per'trigenta
661 1095 798 1135 annorum
819 1079 906 1152 spatia
925 1081 998 1152 juste
1020 1081 1152 1153 possedit.
1213 1153 1216 1160 ι

315 1181 352 1233 Ε.
395 1179 434 1232 De
456 1177 552 1232 liberis
574 1177 609 1232 de
630 1177 730 1249 quibus
752 1184 860 1245 constat
879 1195 933 1232 ιιι
954 1178 1035 1235 annis
1054 1179 1084 1235 in
1099 1179 1227 1235 libertate
1244 1193 1294 1234 sua

237 1275 446 1346 permansissit‚
476 1275 549 1331 nulla
572 1292 622 1348 per
643 1291 736 1347 pugna
754 1275 877 1350 patiatur
898 1275 1045 1354 violentia,
1074 1279 1122 1333 sed
1144 1279 1234 1332 leeeat
1253 1276 1293 1332 eis

235 1373 264 1427 in
286 1372 442 1429 libertatem
462 1389 540 1430 suam
562 1389 746 1446 permanere3
776 1373 845 1428 etsi
868 1391 916 1428 eos
938 1375 1106 1450 quicumque
1129 1374 1290 1447 pulsaverit,

235 1472 323 1526 leceat
342 1471 398 1526 illis
419 1487 481 1527 cum
502 1471 747 1527 sacramentalibus
770 1471 825 1526 suis
847 1473 985 1541 legetimis
1007 1489 1036 1528 se
1059 1473 1202 1529 edoniare.

315 1571 352 1624 Β.
374 1565 426 1641 (De
437 1571 514 1640 culpo
531 1569 689 1641 servorum.)
712 1569 741 1624 Si
760 1585 853 1624 servus
868 1571 950 1624 talem
968 1571 1077 1642 cuipam
1090 1571 1196 1639 iecerit,
1217 1571 1293 1626 unde

236 1681 325 1722 nocco
346 1666 450 1729 solidi,
481 1683 553 1739 quae
581 1666 609 1721 in
640 1667 692 1723 hoc
713 1665 842 1722 Edictum
863 1667 958 1739 scripti
980 1676 1061 1736 suut,
1081 1669 1242 1740 judicantur
1262 1673 1294 1723 ut

179 1819 182 1828 ,
237 1763 366 1820 dominus
379 1780 438 1836 pro
459 1779 538 1819 serso
558 1763 663 1819 deserit
679 1780 852 1836 conponere,
876 1772 904 1820 et
920 1764 974 1820 hoc
990 1772 1132 1838 amputare
1143 1766 1292 1838 jussimns3

236 1869 266 1918 ut
286 1861 309 1917 si
331 1862 431 1917 sactum
451 1861 543 1929 suerit,
569 1861 637 1917 nihil
659 1851 890 1935 aliut'conponat
911 1864 1040 1920 dominus
1061 1864 1134 1935 ejus,
1158 1863 1212 1920 nisi
1233 1864 1293 1935 ipsa

236 1975 354 2033 persona
375 1960 464 2015 tradat
484 1960 519 2016 ad
542 1959 743 2029 occidendum,
780 1967 807 2016 et
834 1969 975 2034 conponat
1001 1978 1051 2034 pro
1078 1960 1189 2016 inlecita
1211 1977 1293 2018 eausa

236 2059 313 2130 quod
334 2073 428 2114 servus
449 2058 603 2130 penetravit
628 2058 733 2113 solidos
754 2072 806 2115 tx:
830 2060 947 2131 amplius
970 2076 1026 2114 non
1048 2059 1214 2132 requiratur.
1257 2060 1296 2115 Et

234 2156 257 2212 si
270 2155 337 2228 ‘ipse
359 2171 452 2211 sersus
474 2155 536 2226 iuga
558 2158 651 2228 lapsus
672 2155 773 2221 luerit,
808 2163 835 2212 et
864 2175 919 2213 non
944 2158 1063 2230 potuerit
1084 2157 1213 2213 domiuus
1235 2157 1294 2229 eJus

235 2270 299 2310 eum
319 2253 455 2318 invenire,
480 2254 520 2309 dit
541 2270 592 2327 pro
613 2254 674 2326 ipso
695 2270 773 2310 servo
795 2255 842 2329 qui
863 2256 927 2326 suga
946 2247 1029 2327 'petiit
1049 2261 1096 2312 aut
1115 2272 1144 2312 se
1167 2254 1293 2312 dilatavit

235 2352 340 2408 solidos
360 2367 416 2415 xxa
440 2357 468 2407 et
488 2358 600 2424 preveat
621 2358 823 2409 sacramentum
846 2353 975 2409 dominus
990 2349 1055 2425 'ejus
1077 2355 1152 2426 quod
1168 2364 1224 2410 dou
1243 2369 1293 2425 po·

236 2450 325 2506 tuissit
341 2450 432 2522 ipsum
445 2467 554 2506 servum
572 2450 715 2515 iuvenire;
740 2452 804 2507 etsi
819 2451 1290 2526 quandocumqueinveutusluerit,

236 2549 325 2605 tradat
345 2565 409 2604 eum
430 2553 562 2620 utsupra
584 2549 618 2604 ad
640 2549 832 2617 moriendum,
856 2555 883 2604 et
904 2549 1020 2621 recipiat
1040 2550 1145 2606 solidos
1166 2567 1203 2606 ιι
1223 2567 1294 2624 quos

237 2647 402 2720 profugam
424 2646 509 2718 ipsius
536 2647 630 2711 dedit3
662 2641 726 2703 nam
756 2653 904 2716 sexagenta
936 2648 1041 2703 solidos
1071 2655 1214 2720 conponat
1242 2665 1293 2720 pro

235 2746 316 2817 culpa
338 2736 422 2817 quam
444 2760 537 2800 servus
559 2744 633 2802 lecit.
676 2746 711 2800 Et
738 2746 762 2800 si
789 2761 882 2801 servus
903 2747 1014 2817 expolio
1043 2747 1171 2802 homenis
1191 2747 1291 2818 sepulti

236 2844 270 2899 de
291 2843 460 2914 sepulturam
482 2843 585 2910 tulerit,
609 2843 643 2898 de
665 2849 799 2915 quantum
821 2843 883 2899 tolit
904 2843 1035 2898 domiuus
1055 2829 1113 2916 ejus
1134 2845 1241 2911 reddat,
1265 2850 1294 2900 et

235 2947 394 3013 conponat,
430 2945 460 2996 ut
480 2940 585 2996 dictum
607 2947 668 3010 est,
698 2941 803 2997 solidos
825 2956 880 3010 ιι,
917 2947 943 2996 et
972 2957 1091 3012 persona
1111 2942 1237 2998 tradatur
1256 2943 1291 2998 ad

174 3105 176 3113 Α
235 3039 423 3096 moriendum.

313 3139 350 3194 4.
373 3136 428 3205 (De
448 3140 565 3208 tripertio
592 3153 726 3193 anemone
751 3139 941 3208 possessionesve
958 3135 1129 3210 pretiorum.)
1171 3137 1201 3193 Si
1231 3137 1293 3210 quis

234 3251 284 3308 per
304 3235 416 3304 triginta
439 3235 521 3290 anuis
541 3234 696 3307 possederit
716 3249 811 3303 casas,
835 3234 970 3303 familias,
995 3237 1035 3291 vel
1058 3241 1160 3304 terras,
1180 3241 1207 3292 et
1227 3251 1293 3306 eog-

236 3333 324 3388 nitum
347 3331 431 3388 luerit
450 3331 517 3405 quia
538 3332 596 3404 ejus
618 3333 756 3404 possessio
778 3333 838 3401 luit,
862 3340 925 3405 post
938 3333 1056 3404 trigenta
1072 3347 1209 3390 annorum
1231 3325 1293 3390 cur·

232 3431 318 3487 ricula
341 3447 470 3503 pugnam·
494 3447 549 3485 non
572 3431 732 3503 proveniat,
768 3431 819 3486 nisi
841 3432 901 3503 ipse
924 3432 969 3504 qui
994 3432 1116 3503 possedit
1137 3434 1291 3489 secundum

234 3531 393 3603 qualitatem
415 3530 549 3602 pecuniae
571 3545 632 3585 eum
655 3531 868 3590 sacramentales
895 3545 960 3584 suos
990 3545 1019 3585 se
1047 3531 1194 3597 deiendet;
1228 3549 1291 3588 nam

234 3645 283 3701 per
303 3643 436 3700 pugnam,
461 3633 491 3682 ut
512 3627 616 3682 dictum
638 3633 689 3694 cst,
713 3643 770 3682 nou
792 3627 926 3687 laticctur.
1048 3697 1050 3702 Ι

313 3727 351 3784 ὅ.
375 3725 425 3798 (De
445 3728 607 3782 successione
626 3733 766 3796 nepotum,
799 3729 847 3796 qui
864 3733 924 3797 post
944 3734 1056 3782 mortem
1073 3731 1161 3798 patric
1181 3730 1211 3783 in
1231 3730 1292 3783 sino
1326 3788 1327 3791 Ἴ

231 3822 498 3906 hodieemonserit.)
541 3823 570 3878 Si
592 3823 655 3896 quis
677 3824 803 3880 habuerit
816 3824 891 3880 filius
906 3825 1053 3894 legetimus
1073 3826 1142 3881 duos
1163 3832 1210 3881 aut
1230 3827 1292 3897 plu-

231 3941 285 3991 res,
309 3930 335 3978 et
348 3921 503 4000 contegerit
525 3938 611 3977 unum
632 3939 666 3978 cx
687 3923 751 3978 filiis
767 3923 873 3978 vivente
896 3932 972 3995 patre
995 3924 1077 3991 mori,
1101 3930 1128 3979 et
1147 3923 1292 3997 reliquerit

232 4021 304 4076 fllius
325 4019 464 4090 legitimus
486 4035 572 4076 uuum
593 4027 640 4077 aut
662 4022 763 4093 plures,
788 3999 983 4093 etcontegerit
1004 4023 1076 4078 hubo
1095 4023 1183 4078 mori:
1207 4022 1291 4078 talem

229 4124 337 4192 partem
369 4118 503 4190 percipiat
531 4118 566 4173 de
597 4119 750 4174 substantia
781 4119 827 4175 abi
858 4120 898 4175 sui
927 4137 982 4176 una
1011 4135 1074 4175 cum
1096 4121 1200 4190 patruis
1221 4119 1288 4189 suis,

232 4219 312 4290 quale
334 4220 412 4288 pater
432 4232 530 4272 eorum
550 4216 623 4273 inter
645 4217 773 4273 iratribus
794 4217 849 4272 suis
871 4224 1051 4290 percepturus
1077 4223 1136 4273 crat
1164 4217 1186 4274 si
1215 4218 1291 4276 vivus

230 4316 326 4374 iuissit.
359 4313 493 4371 Similiter
514 4314 584 4371 etsi
605 4314 675 4372 filias
697 4315 834 4384 legitimas
856 4333 939 4372 unam
967 4323 1014 4372 aut
1034 4317 1147 4388 plures,
1170 4323 1217 4372 aut
1239 4318 1289 4374 sulii

234 4415 372 4472 naturales
394 4429 480 4470 unum
500 4420 547 4470 aut
578 4415 671 4485 plures
698 4413 826 4483 luerent,
859 4414 980 4488 habeant
1003 4415 1093 4486 legem
1115 4430 1195 4471 suam
1220 4415 1292 4472 sicut

233 4513 264 4570 iu
295 4513 350 4571 hoc
381 4512 511 4572 Edictum
537 4513 648 4584 legitur.
691 4511 762 4582 Quia
790 4511 975 4569 inhumanum
1003 4519 1031 4570 et
1059 4511 1176 4587 impium
1210 4513 1292 4571 nobis
