3048 5130
252 425 295 494 dd
618 445 804 494 cinnamum
828 443 919 490 suess

329 594 407 669 (ΙΙΙ.)
436 597 494 652 22.
524 594 555 652 Si
577 594 733 668 quislibet
754 594 839 686 hqmo
860 595 895 652 ad
917 594 1002 651 alium
1022 594 1142 651 liberum
1164 595 1308 651 huminem

250 693 398 750 consilium
413 693 520 748 dederit
536 693 688 766 perjurare,
712 698 758 751 aut
779 709 842 749 casa
860 693 973 749 alterius
991 693 1142 750 incendere
1158 693 1206 749 ubi
1226 694 1309 749 homo

250 807 312 848 cum
335 790 417 846 rebus
437 790 493 846 suis
515 789 661 858 inhabitat,
685 795 732 845 aut
747 788 893 845 mulierem
910 791 1030 846 alienam
1047 791 1087 846 vel
1105 792 1195 862 puelia
1212 792 1309 846 tollere

249 891 291 946 vel
313 905 429 960 rapere,
461 894 489 943 et
509 903 590 944 causa
612 891 724 960 provata
745 885 849 955 tuerit,
879 894 1020 960 conponat
1042 903 1092 960 pro
1113 888 1174 960 ipso
1196 889 1309 945 inlecito

249 987 367 1043 consilio
388 985 465 1060 quod
487 992 583 1042 contra
605 971 742 1041 rationem
764 983 929 1042 ministravit
950 985 1055 1042 solidos
1077 1001 1111 1042 c:
1134 985 1172 1042 ita
1193 1001 1260 1042 sane
1281 993 1311 1041 ut

250 1084 321 1138 inter
332 1083 392 1139 ista
410 1081 528 1154 capitula
549 1097 619 1153 quae
640 1081 770 1148 diximus,
795 1081 869 1138 unde
881 1081 1037 1154 conpositio
1055 1083 1138 1138 denir
1152 1099 1202 1154 per
1218 1083 1309 1154 ipsum

248 1181 296 1253 qui
318 1180 391 1251 ipsut
412 1179 515 1235 malum
537 1178 591 1248 agit
614 1177 695 1234 solidi
718 1194 818 1242 occec,
842 1179 902 1250 ipse
924 1178 1087 1236 consiliatur
1104 1188 1246 1252 conponat
1265 1196 1310 1236 so-

247 1279 320 1334 lidos
340 1293 372 1343 ca
395 1284 423 1334 et
444 1275 518 1334 undo
541 1274 698 1347 conpositio
720 1276 768 1332 fiet
789 1275 824 1331 de
844 1275 949 1334 solidos
968 1292 1036 1346 ccc,
1061 1265 1223 1335 consiliator
1242 1293 1309 1334 con-

248 1381 334 1448 ponat
354 1373 459 1430 solidos
480 1389 513 1438 ις
536 1379 564 1429 et
584 1373 606 1429 si
628 1373 720 1430 minus
740 1374 776 1430 de
798 1374 931 1430 tricentus
952 1374 1049 1430 solidis
1068 1375 1148 1432 tuerit
1162 1376 1220 1449 ipsa
1242 1392 1309 1434 con-

248 1473 359 1547 positio,
383 1471 544 1528 consiliator
560 1478 702 1543 conpouat
715 1471 821 1532 solidos
839 1488 885 1538 xc,
909 1471 1001 1530 minus
1019 1489 1095 1530 non:
1114 1473 1308 1532 mediaetatem

247 1590 280 1628 cx
298 1570 427 1627 omnibus
444 1569 636 1642 suprascriptis
650 1569 778 1642 capitulis
794 1571 823 1630 in
835 1570 938 1643 palatio
960 1570 1043 1641 regis,
1061 1578 1091 1626 ct
1114 1571 1308 1630 mediaetatem

247 1671 415 1742 qu‘uscausa
431 1667 520 1726 luerit
542 1667 579 1728 Et
596 1668 618 1722 si
637 1667 706 1739 ipse,
726 1667 760 1725 de
771 1684 827 1740 quo
843 1667 1031 1740 diciturquod
1042 1669 1308 1741 suprascriptumala

246 1767 423 1834 consiliassit,
446 1771 536 1822 vetare
548 1765 666 1822 voluerit
677 1765 757 1839 quod¹
768 1767 852 1824 talem
871 1766 1017 1822 consitium
1028 1782 1085 1821 non
1097 1766 1223 1835 dedissit,
1247 1783 1309 1838 pre·

247 1873 307 1921 veat
320 1870 525 1934 sagramentum
547 1879 609 1918 cum
630 1861 768 1934 legetimis
784 1863 1032 1932 sagramentalibus
1053 1863 1109 1920 suis
1126 1864 1203 1936 juxta
1219 1865 1309 1937 qualis

248 1979 329 2022 causa
352 1962 444 2029 tuerit,
468 1968 496 2016 et
516 1960 551 2016 sit
571 1960 714 2020 absolutus
736 1978 751 2016 a
773 1961 872 2032 culpa;
896 1976 962 2016 rrum
984 1977 1033 2032 per
1052 1977 1146 2032 pugna
1167 1979 1225 2018 non
1248 1962 1308 2018 iati-

246 2067 344 2130 gesur:
369 2075 432 2116 uam
454 2057 475 2112 si
497 2057 540 2112 rei
562 2057 660 2114 veritas
680 2057 854 2116 manilestata
876 2057 977 2122 tuerit,
1001 2066 1143 2130 conponat
1164 2066 1305 2132 utsupra.

328 2155 417 2230 (ΗΠ.)
439 2156 497 2211 dd.
521 2153 561 2213 lle
572 2154 726 2211 donatione
744 2171 815 2226 quae
831 2153 891 2210 sine
909 2154 1068 2214 launechild
1090 2163 1135 2216 aut
1155 2157 1216 2220 sine
1235 2157 1309 2214 thin-

246 2256 359 2326 gatioue
382 2254 452 2308 iacta
474 2258 533 2319 est,
561 2255 683 2308 menime
704 2258 776 2308 stare
797 2252 911 2316 devcut3
941 2251 1006 2324 quia
1027 2253 1078 2309 etsi
1099 2254 1256 2326 specialiter
1276 2255 1306 2316 in

246 2351 376 2408 Edictum
398 2350 438 2405 sic
460 2366 516 2404 non
541 2348 592 2404 init
612 2348 783 2419 institutum,
816 2356 908 2404 tamen
932 2364 1018 2421 usque
1040 2351 1124 2405 modu
1147 2352 1185 2406 sic
1206 2359 1248 2408 est
1264 2353 1308 2425 ju-

246 2445 377 2504 dicatum.
401 2447 478 2514 ideo,
501 2461 553 2519 pre
573 2461 670 2502 errore
691 2447 857 2514 tollendum,
881 2446 934 2502 hoc
955 2446 1076 2502 scribere
1098 2447 1126 2502 in
1146 2449 1238 2505 Edicti
1260 2466 1308 2522 pa-

245 2545 338 2616 ginam
351 2544 493 2616 iussimus,
515 2545 608 2616 etqui
626 2544 707 2600 tuerit
723 2543 898 2617 propinquus
919 2560 1019 2616 parens
1041 2545 1099 2616 ipse
1117 2547 1258 2611 succidat3
1281 2553 1308 2602 et

245 2642 267 2698 si
299 2642 346 2698 ille
373 2642 522 2712 supraestis
551 2641 634 2698 luerit
660 2642 707 2715 qui
739 2645 827 2714 ipsam
856 2642 1037 2698 donationem
1066 2643 1125 2699 sine
1148 2643 1307 2700 launechild

246 2739 333 2803 dedit,
357 2738 445 2811 possit
462 2755 526 2794 eam
547 2757 562 2795 a
584 2755 613 2795 se
635 2741 823 2810 recollegere:
844 2745 965 2810 excepto
987 2739 1008 2794 si
1031 2739 1060 2795 in
1080 2741 1238 2810 ecclesiam,
1262 2749 1308 2798 ant

246 2839 275 2894 in
294 2838 358 2894 ‘ioca
378 2842 556 2904 sanctorum,
589 2842 636 2892 aut
662 2835 692 2891 in
720 2835 932 2892 exeneodochio
955 2853 1006 2909 pro
1027 2837 1120 2892 anima
1142 2854 1190 2894 sua
1210 2839 1308 2912 aliquit

169 2951 172 2966 ·
245 2937 427 3008 quiscumque
448 2933 608 2998 donaverit,
639 2933 738 2989 stabile
761 2933 859 2989 deveat
881 2949 1068 3005 permanere3
1101 2935 1165 3006 quia
1193 2935 1222 2992 in
1241 2937 1306 3006 loga
1352 2925 1354 2929 ¹

244 3039 404 3090 sanctorum
424 3038 471 3088 sut
491 3031 520 3086 in
541 3028 757 3086 exeneodcchio
788 3046 839 3086 uec
867 3029 947 3086 thinx
969 3047 1021 3086 nec
1046 3031 1206 3089 launecbild
1228 3034 1308 3106 inpe-

245 3131 306 3187 dire
327 3131 412 3199 devit,
436 3147 469 3186 eo
494 3129 570 3202 quod
592 3145 642 3202 pro
661 3128 757 3184 ,anima
777 3127 954 3184 factumest.

325 3227 382 3302 (V.)
412 3229 471 3285 24.
499 3227 528 3282 Si
550 3227 641 3284 inians
663 3227 729 3281 dum
751 3225 822 3282 intra
845 3232 932 3282 aetate
955 3233 999 3282 est
1018 3242 1063 3282 res
1084 3242 1147 3283 suas
1167 3243 1230 3283 cum
1254 3228 1307 3284 ira·

246 3325 332 3382 tribus
354 3332 402 3381 aut
419 3341 480 3382 cum
502 3323 663 3396 parentibus
683 3323 740 3379 suis
756 3323 886 3381 devidere
904 3323 1033 3392 voluerit,
1055 3331 1104 3380 aut
1125 3324 1148 3381 si
1169 3325 1222 3398 ipsi
1243 3342 1305 3381 cum

244 3423 306 3494 ipso
327 3422 432 3478 intanto
454 3421 578 3479 dividere
599 3421 754 3491 voluerint,
788 3421 868 3479 iaciat
894 3421 982 3494 judici
1010 3422 1163 3490 noditiam,
1193 3430 1220 3478 et
1247 3424 1305 3496 ipse

159 3531 161 3546 ¹
241 3519 328 3592 judex
349 3518 431 3574 iaciat
450 3519 546 3574 venire
567 3519 689 3592 parentis
710 3519 818 3592 ipsius,
842 3527 869 3575 ct
889 3536 946 3576 una
967 3536 1029 3576 cum
1051 3520 1118 3592 ipsis
1139 3529 1185 3578 aut
1206 3536 1256 3594 per
1277 3539 1306 3578 sc

245 3617 336 3690 ipsum
358 3623 405 3672 aut
433 3617 618 3688 permissum
647 3633 727 3676 suum
748 3618 852 3674 bonum
880 3633 1028 3690 personam
1051 3619 1141 3674 Deum
1162 3619 1306 3676 timentem

245 3731 288 3772 res
309 3715 383 3788 ipsas
404 3715 546 3784 dividant,
578 3715 617 3776 sic
639 3722 730 3772 umen
752 3722 783 3772 ut
811 3717 887 3774 omni
910 3724 1034 3790 tempore
1061 3717 1143 3775 sortis
1164 3725 1236 3778 sture
1258 3719 1306 3774 de-

244 3813 339 3882 beant,
362 3819 389 3868 et
410 3813 573 3889 adaequatio
595 3820 745 3885 percurrat.

323 3907 401 3989 (Vl.)
423 3881 482 3970 ⁸25.
504 3909 534 3966 Si
556 3911 647 3970 inians
669 3911 735 3968 dum
755 3910 827 3968 intra
849 3918 967 3968 aetatem
988 3919 1031 3972 est
1051 3928 1161 3979 causam
1179 3912 1307 3968 habuerit
1352 3977 1353 3985 ἵ

245 4025 308 4066 cum
336 4010 567 4082 qualemcumque
589 4007 743 4076 hominem,
767 4007 895 4065 similiter
917 4009 997 4067 iaciat
1014 4009 1100 4081 judex
1121 4009 1244 4082 parentis
1264 4009 1306 4082 ip-

245 4105 301 4162 sius
324 4106 499 4182 propinquos
521 4105 626 4170 venire,
651 4113 678 4180 et
699 4104 812 4164 accedat
832 4113 897 4178 aput
918 4108 1011 4163 locum
1033 4122 1096 4163 cum
1118 4105 1185 4178 ipsis
1207 4123 1304 4178 paren-

245 4202 327 4273 tibus,
353 4211 380 4258 et
397 4203 527 4264 deliberit
543 4219 654 4264 causam
675 4203 764 4276 ipsam
785 4219 836 4276 per
849 4203 996 4275 iustitiam,
1020 4211 1047 4264 ct
1068 4205 1149 4260 iaciat
1170 4203 1305 4260 noditiam

245 4285 273 4354 in
294 4316 413 4372 quorum
434 4300 604 4374 presentiam
626 4315 736 4360 caumes
758 4300 846 4374 ipsam
867 4300 1081 4369 deliberaverit,
1102 4308 1132 4358 et
1148 4301 1303 4374 judicatum
1343 4375 1347 4386 Ι

244 4413 324 4454 suum
344 4398 468 4468 emittat,
502 4406 532 4455 ut
552 4399 612 4472 ipsc
644 4389 691 4474 qui
713 4414 823 4456 causam
854 4414 932 4456 suam
953 4399 1046 4473 querit
1066 4415 1124 4456 non
1145 4398 1243 4472 perdat
1258 4398 1304 4471 ju·
