3022 5144
219 455 283 524 tut
601 475 786 520 uruurmxor
809 474 899 520 ancus

301 623 407 700 (Vlrrr.
429 627 513 684 188.
538 624 600 682 lloc
620 631 713 684 autem
733 623 773 682 rei
793 623 892 682 veritas
913 623 1093 698 pervenitad
1115 643 1178 698 nos,
1202 627 1279 700 quod

220 725 334 798 quidam
355 725 449 795 homo,
473 724 614 781 diabolum
632 721 811 793 instigantem
830 721 938 780 dixissit
957 724 992 780 ad
1014 739 1124 782 servum
1137 725 1278 783 alienum:

223 823 300 890 Veni,
323 831 347 880 et
367 825 457 880 occide
474 824 613 880 dominum
632 829 725 887 tuum
749 829 774 878 ct
794 838 842 894 ego
862 823 912 878 titt
930 823 1021 891 locere
1034 825 1118 880 doleo
1134 826 1280 880 condatem

219 938 301 993 quom
320 922 444 980 colonia
466 921 517 977 llle
537 926 629 977 autem
651 936 721 992 puer
740 935 835 977 suasus
856 920 892 976 ab
912 919 974 992 ipso
989 920 1101 978 intrauit
1120 921 1149 977 in
1167 938 1278 980 causam

219 1019 307 1092 ipsam
328 1021 444 1084 molam3
476 1025 504 1075 et
529 1018 637 1074 hisdem
658 1017 707 1090 qui
728 1033 792 1074 eum
813 1025 935 1074 suaserat
963 1018 1117 1076 intantum
1139 1018 1278 1077 maliciam

218 1117 367 1191 perductus
387 1123 439 1186 est,
462 1124 492 1174 ut
511 1116 611 1172 aetiam
633 1115 828 1188 presentaliter
848 1115 954 1172 diceret
974 1117 1066 1174 cidem
1088 1133 1191 1189 puero:
1215 1117 1278 1174 Feri

219 1217 358 1272 dominum
378 1223 468 1279 tuum
491 1214 599 1286 etipse
621 1213 646 1269 ei
669 1230 720 1286 pro
742 1215 862 1286 peccatis
882 1214 989 1271 feritam
1011 1214 1085 1271 lecit.
1121 1217 1158 1272 Et
1177 1216 1277 1272 iterum

219 1313 289 1369 dixit
309 1313 354 1370 eis
380 1312 444 1368 Fen'
465 1329 524 1368 esen
545 1313 653 1378 adhuc5
683 1329 749 1367 noro
769 1313 793 1367 ri
813 1329 869 1368 non
889 1329 948 1368 cum
966 1314 1052 1382 seru,
1083 1330 1131 1386 ego
1152 1321 1176 1370 tc
1194 1315 1279 1383 {crire

217 1413 319 1476 dobeo5
346 1409 405 1481 ipse
435 1415 527 1466 autem
555 1425 625 1481 puer
644 1424 794 1466 conversus
823 1407 889 1465 lecit
911 1408 1002 1466 eidem
1023 1411 1140 1467 domiuo
1165 1427 1217 1466 suo
1238 1413 1278 1468 al-

216 1516 306 1564 teram
328 1508 447 1577 feritam,
471 1513 499 1563 et
519 1515 644 1564 mortuos
665 1514 714 1566 est
735 1507 808 1563 Dum
829 1514 921 1564 autem
938 1506 1081 1580 requisitio
1102 1510 1138 1565 de
1158 1516 1277 1566 mortem

214 1605 273 1677 ejus
303 1610 330 1660 et
356 1605 391 1661 de
420 1605 646 1678 conpositionem
674 1606 771 1670 lieret,
803 1606 914 1662 volebat
943 1605 1045 1677 aliquis
1075 1605 1168 1663 dicere
1200 1607 1276 1679 quod

160 1696 164 1708 '
215 1708 322 1760 tanturn
351 1703 457 1760 deserit
485 1720 647 1776 conponere
675 1703 718 1759 his
745 1702 792 1776 qui
814 1703 905 1775 ipsum
926 1719 1042 1775 puerum
1063 1704 1168 1768 suasit,
1199 1710 1227 1759 et
1247 1705 1276 1760 in

215 1799 257 1857 sui
279 1789 448 1872 presentia·
473 1799 565 1872 ipsum
585 1800 730 1856 hominem
758 1800 840 1856 ferire
871 1800 958 1867 dixit,
988 1807 1123 1872 quantum
1143 1801 1277 1857 Aedictus

215 1898 338 1955 anterior
358 1901 484 1957 contenit
504 1899 539 1954 de
561 1897 679 1954 consilio
700 1897 806 1956 mortis.
839 1896 895 1954 Sed
917 1896 998 1954 uobis
1028 1904 1055 1954 et
1076 1898 1178 1956 nostris
1202 1899 1277 1971 judi-

214 1995 322 2054 dicibus
351 1997 405 2054 hoc
440 1997 603 2052 nullomodo
630 1996 750 2067 placuit;
783 1995 917 2068 quoniam
944 1996 1092 2053 consilium
1121 1997 1217 2054 mortis
1246 1998 1274 2052 in

214 2095 320 2152 occulte
341 2095 390 2150 fiet
409 2096 628 2165 concionatum,
659 2101 686 2150 ct
715 2093 861 2164 aligotiens
891 2094 1035 2166 perficitur
1054 2101 1082 2151 et
1104 2094 1274 2167 aliquotiens

214 2209 270 2248 uon
293 2192 451 2264 perficitur:
475 2209 538 2249 nam
561 2193 614 2250 hoc
635 2191 816 2248 homicidium
838 2193 1032 2264 presentaliter
1051 2193 1154 2250 lactum
1175 2201 1225 2262 cst,
1249 2201 1277 2250 et

213 2307 265 2346 nos
292 2307 349 2345 non
376 2290 505 2360 dicemus
533 2307 592 2346 esse
623 2289 770 2358 consilium
800 2291 914 2363 quando
943 2290 1028 2346 homo
1059 2291 1139 2348 alteri
1160 2290 1275 2348 homcni

214 2389 297 2444 verbo
325 2388 399 2443 tinus
425 2396 453 2444 et
481 2389 673 2461 presentaliter
701 2389 854 2445 ostenderit
882 2395 910 2445 et
931 2389 1022 2446 dicat:
1051 2388 1116 2444 Feri
1142 2391 1275 2446 hominem

213 2490 304 2544 etuas.
337 2485 461 2560 ldcoque
483 2488 530 2560 qui
553 2489 636 2544 talem
654 2489 758 2546 malum
779 2487 936 2552 comiserit,
966 2494 994 2544 et
1014 2494 1158 2559 provatum
1179 2487 1273 2553 tuerit,

214 2601 271 2639 non
293 2591 436 2656 conponat
456 2585 604 2642 consilium
625 2585 738 2655 mortis,
770 2586 820 2642 sed
845 2592 988 2657 conponat
1008 2585 1078 2640 sicut
1106 2601 1158 2640 nus
1180 2593 1273 2642 nostro

214 2688 338 2753 tempore
349 2681 378 2737 in
387 2681 516 2739 Edictum
532 2683 690 2752 adurimus,
707 2691 736 2740 ut
749 2684 847 2756 perdat
863 2700 976 2740 omnem
993 2683 1175 2740 substantiam
1184 2699 1273 2753 suam,

211 2787 239 2836 et
257 2778 435 2838 medietatem
456 2779 559 2836 exinde
580 2781 719 2853 accipiant
741 2781 851 2838 heredis
873 2781 1007 2846 defuncti,
1031 2787 1059 2837 et
1079 2780 1274 2838 mediaetatem
1367 2769 1370 2778 ¹

212 2877 296 2933 curtis
317 2877 408 2947 regia:
439 2884 555 2949 exceptu
581 2877 629 2934 illo
658 2879 772 2952 antiqua
802 2878 1028 2951 conpositionem
1055 2877 1166 2935 heredia
1187 2879 1274 2951 ipsius

212 2974 260 3047 qui
282 2972 389 3031 occisus
409 2973 499 3032 estin
522 2982 603 3032 antea
624 2976 740 3040 tollant,
764 2977 835 3032 sicut
855 2976 884 3031 in
896 2975 996 3032 Edicto
1018 2981 1113 3032 nostro
1136 2983 1271 3048 tempore,
1311 3019 1316 3027 .

213 3078 243 3127 ut
263 3071 401 3141 dixemus,
425 3080 468 3129 est
488 3073 620 3132 adfixum.

292 3168 354 3246 (X.)
374 3173 461 3228 las.
483 3172 646 3228 innomine
664 3170 778 3226 Domini
800 3169 906 3228 noditia
923 3170 1043 3243 qualiter
1060 3171 1133 3243 jubit
1154 3173 1273 3230 domnus

213 3285 262 3325 rex
283 3268 319 3324 ad
340 3270 433 3326 omnis
454 3275 561 3326 actores
582 3287 665 3338 suos,
689 3267 737 3341 qui
761 3269 845 3324 curtis
866 3269 925 3340 ejus
946 3269 1078 3326 comissas
1100 3271 1221 3328 habent:
1243 3271 1273 3328 id

213 3365 303 3422 estin
325 3366 422 3438 primis
449 3366 483 3422 de
511 3367 560 3424 illc
583 3367 658 3439 quod
683 3366 741 3438 jam
770 3372 897 3424 nostrum
926 3373 1051 3439 tempore
1072 3367 1272 3441 inpuplioatum

213 3471 265 3534 est,
289 3471 320 3520 ut
336 3464 433 3535 jurent
454 3465 646 3539 unusquisque
669 3472 764 3535 actor,
788 3472 816 3520 et
836 3465 911 3522 dicat
931 3481 981 3537 per
1000 3468 1184 3538 evangelium,
1207 3467 1273 3540 quia

212 3562 408 3636 quodcumque
440 3579 599 3634 cognovero
630 3565 705 3636 quod
737 3570 834 3620 contre
863 3563 1002 3621 rationem
1029 3565 1142 3639 alequid
1174 3567 1272 3622 tultum

213 3669 270 3728 est,
301 3661 372 3718 facio
394 3661 495 3718 exinde
517 3662 654 3719 noditiarn
675 3663 780 3720 domno
803 3663 861 3733 regi
883 3670 913 3718 ut
932 3664 1088 3729 relaxetur;
1118 3665 1158 3720 sic
1179 3671 1272 3720 temen

212 3767 243 3818 ut
263 3759 387 3818 dicatio
409 3759 470 3834 ipso
492 3769 704 3831 sacramentum,
728 3761 805 3834 quod
826 3777 883 3818 non
899 3762 1131 3818 consentiendum
1153 3761 1189 3818 ad
1205 3761 1273 3820 ami·

212 3876 291 3924 cum,
315 3875 372 3915 non
394 3859 429 3916 ad
450 3865 615 3931 parentem,
639 3875 695 3915 non
717 3858 752 3915 ad
774 3859 912 3931 premium
933 3867 1095 3932 corruptus,
1120 3859 1173 3916 nisi
1195 3861 1273 3933 quod

211 3964 286 4014 certo
308 3955 378 4014 sciat
398 3956 475 4031 quod
495 3963 592 4013 contra
613 3956 752 4015 rationem
773 3958 873 4014 tultum
894 3963 951 4013 est:
975 3964 1012 4027 ct,
1036 3975 1099 4014 cum
1121 3957 1203 4014 nobis
1224 3975 1273 4031 pa-

155 4053 156 4060 ’
210 4055 313 4122 ruerit,
336 4056 499 4114 retensitum
520 4071 571 4127 per
591 4061 714 4112 nostram
739 4055 894 4127 jussionem
915 4056 1063 4114 relaxetur.
1105 4055 1176 4112 ltem
1197 4058 1271 4114 unde

212 4159 293 4210 autea
311 4153 468 4226 jussemus,
500 4171 550 4228 per
570 4160 720 4225 sexagenta
741 4170 831 4212 annus
852 4154 989 4227 inquirire
1014 4153 1152 4227 possessio
1174 4155 1209 4212 dc
1229 4155 1271 4227 pi-

211 4251 292 4309 cuuia
313 4251 468 4324 puplicam:
489 4269 539 4326 pro
561 4270 595 4310 eo
615 4253 691 4326 quod
704 4252 825 4324 peccatis
841 4252 1049 4310 iumeneutibus
1071 4253 1107 4309 de
1121 4259 1271 4323 sexagenta

212 4348 293 4408 anuis
314 4349 420 4422 aliquid
442 4366 500 4408 non
521 4359 758 4420 commemorant,
788 4357 816 4408 et
836 4350 918 4418 pauci
938 4351 1117 4409 inveniuntur
1137 4352 1184 4425 qui
1211 4357 1271 4406 tau·

210 4455 253 4508 tus
274 4463 364 4506 annus
384 4448 502 4522 habeat,
525 4449 743 4532 ita-statuimus,
766 4457 815 4522 ut,
838 4457 955 4524 excepto
977 4449 1025 4524 qui
1043 4449 1104 4523 jam
1122 4467 1173 4524 per
1189 4448 1271 4522 justi-

674 4673 689 4707 μ
720 4715 724 4723 a
