3048 5130
243 490 284 554 lt
637 514 793 559 sonamus
816 513 908 560 nors

322 662 386 719 80.
408 658 460 736 (De
479 679 577 720 man
596 661 753 738 odanmm)
775 664 803 722 st
826 666 888 738 quis
909 666 1013 724 aldium
1034 667 1157 725 alienum
1177 673 1224 726 aut
1244 684 1302 725 ser·

244 775 308 815 vum
329 759 538 818 ministerialem
561 779 658 818 nasum
680 762 844 834 absciderit,
863 773 1006 841 conponat
1025 765 1131 824 solidos
1152 773 1231 836 octo,
1255 783 1302 822 ex·

243 865 324 931 cepto
346 875 445 932 operas
466 865 494 916 et
514 860 650 919 mercedis
672 861 783 920 medici.

324 957 387 1014 88.
409 955 461 1028 (De
480 975 548 1014 aare
568 956 697 1031 madro.)
726 959 755 1015 Si
778 960 839 1032 quis
860 959 965 1018 aldium
985 961 1108 1018 alienum
1128 969 1176 1018 aut
1194 978 1302 1020 servum

118 1047 120 1056 ’
243 1053 423 1112 ministeriale
437 1055 698 1121 auremabsciderit,
712 1065 853 1130 conponat
863 1057 968 1114 solidos
979 1058 1059 1124 duos,
1076 1067 1193 1132 excepto
1204 1076 1303 1133 operas

244 1160 272 1210 et
291 1152 427 1210 mercedis
447 1152 556 1210 medici.

322 1252 385 1308 84.
407 1248 459 1325 (De
478 1253 556 1306 lenm
576 1248 687 1324 obeso.)
723 1251 752 1307 Si
773 1251 836 1325 quis
857 1251 961 1308 aldium
983 1251 1106 1308 alienum
1126 1259 1174 1321 aut
1193 1271 1303 1313 serrum

244 1347 454 1404 ministerialem
475 1349 584 1405 labrum
605 1348 755 1405 absciderit
783 1358 814 1405 ut
843 1350 934 1406 dentis
960 1359 1130 1423 appareant,
1161 1361 1304 1425 conponat

243 1445 348 1503 solidos
369 1463 427 1515 sex,
450 1453 566 1518 excepto
589 1462 687 1519 operas
708 1455 736 1504 at
755 1447 891 1504 mercedis
912 1447 1023 1506 medici.

324 1545 387 1602 Sd.
411 1545 463 1618 (Da
483 1547 571 1601 dentis
592 1543 737 1619 comune.)
778 1545 808 1604 si
829 1545 891 1619 quis
911 1545 1015 1602 aldium
1037 1546 1159 1603 alienum
1180 1554 1228 1604 aut
1247 1565 1305 1604 ser·

241 1655 306 1698 vum
326 1643 537 1700 ministerialem
565 1642 678 1698 dentem
704 1643 857 1699 excusserit
886 1659 973 1699 unum
1000 1650 1048 1699 aut
1075 1645 1223 1717 plures-iu
1245 1646 1301 1702 riso

242 1749 424 1814 apparentes,
459 1757 511 1815 pro
546 1757 633 1797 unum
659 1741 772 1798 dentem
800 1747 942 1813 conponat
968 1741 1072 1798 solidos
1097 1750 1246 1816 quattuor;
1280 1745 1303 1800 si

243 1839 336 1911 plures
357 1839 478 1904 luerunt,
503 1855 553 1912 per
573 1840 627 1894 hoc
648 1839 758 1896 nomiro
780 1847 985 1910 conponantur.

324 1939 388 1994 ten.
410 1934 462 2010 (De
481 1933 659 2008 monitiones.)
692 1936 721 1992 Si
744 1935 806 2008 quis
826 1935 902 1992 aldio
923 1937 1015 1994 alieno
1036 1946 1083 1992 aut
1102 1953 1182 1994 servo
1206 1938 1304 1995 minis·

241 2035 334 2092 teriali
355 2034 507 2091 maxillaris
524 2034 616 2089 dentis
636 2033 799 2098 excusserit,
821 2049 871 2106 per
891 2051 978 2090 unum
998 2034 1141 2091 maxillare
1162 2043 1305 2108 conponat

242 2133 348 2191 solidos
370 2133 444 2195 duos
466 2131 489 2188 si
510 2147 576 2187 vero
595 2132 686 2203 plures
698 2130 816 2200 luerent,
840 2147 889 2203 par
903 2131 957 2188 hoc
976 2131 1086 2187 nomiro
1098 2141 1302 2206 conponantur.

322 2231 380 2288 80.
402 2227 455 2303 (De
485 2231 624 2286 noemam
651 2229 786 2302 raptorio.)
833 2229 862 2284 Si
889 2229 951 2301 quis
978 2228 1082 2284 aldium
1108 2230 1231 2287 alienum
1256 2239 1305 2288 aut

242 2345 352 2386 servum
379 2327 591 2386 ministerialem
619 2327 764 2384 brachium
785 2326 907 2400 ruperit,
940 2332 1082 2398 conponat
1108 2327 1213 2384 solidos
1237 2345 1301 2398 sex,

242 2432 359 2498 excepto
381 2442 480 2501 operas
501 2433 528 2482 et
547 2425 686 2482 mercedis
705 2424 817 2484 medici.

322 2525 384 2582 88.
408 2523 460 2595 (lla
479 2541 561 2580 mono
582 2521 708 2597 udedan)
750 2523 779 2579 Si
811 2523 874 2596 quis
900 2521 990 2580 aldius
1020 2522 1112 2578 alieno
1142 2529 1190 2578 aut
1209 2539 1303 2580 servus

242 2621 437 2679 ministeriales
445 2638 559 2678 manum
569 2621 727 2689 absciderit,
739 2621 915 2678 medietatem
927 2620 1006 2692 pretii
1019 2619 1104 2692 ipsius
1115 2620 1139 2676 ei
1152 2628 1302 2694 conponat.

321 2721 387 2778 sn.
408 2717 461 2794 (Da
481 2722 569 2792 dipito
587 2717 709 2792 meum.)
746 2717 781 2774 ‘Si
807 2718 869 2790 quis
897 2718 1002 2774 aldium
1029 2717 1151 2774 alienum
1180 2726 1227 2777 aut
1247 2735 1304 2776 ser-

244 2833 308 2874 rum
328 2816 540 2875 ministerialem
560 2817 680 2890 pelicem
701 2817 736 2874 de
761 2832 845 2872 manu
861 2815 1022 2886 excusserit,
1045 2823 1188 2888 conponat
1199 2817 1303 2874 solidos

243 2921 318 2985 octo,
342 2921 458 2988 excepto
479 2931 578 2988 operas
596 2922 627 2971 et
646 2913 782 2970 mercedis
804 2912 913 2971 medici.
1008 2933 1012 2944 ¹

326 3015 395 3070 an.
436 3012 467 3069 Si
488 3014 613 3070 secundo
636 3011 723 3084 digito
744 3011 779 3067 de
798 3027 881 3068 mauu
903 3010 1071 3079 excusserit,
1094 3017 1238 3084 conponat
1257 3028 1303 3068 so-

241 3110 314 3167 lidos
335 3127 394 3169 ser.
886 3091 889 3096 ¹

324 3211 383 3266 01.
426 3207 455 3264 Si
477 3207 588 3265 tertium
604 3207 722 3278 digitum
743 3206 778 3262 de
799 3222 883 3263 manu
902 3205 1063 3271 creuissent,
1086 3207 1162 3278 quod
1184 3212 1225 3263 est
1245 3223 1303 3262 me-

232 3307 368 3379 dianum,
392 3313 535 3380 conponat
554 3306 659 3364 solidos
680 3307 747 3363 duo.
952 3373 957 3386 Ι

321 3408 386 3464 00.
428 3405 458 3462 Si
487 3412 617 3479 quartum
648 3403 766 3475 digitum
791 3404 826 3460 de
855 3420 940 3461 manu
961 3404 1130 3474 excusserit,
1160 3408 1304 3476 conponat

243 3503 347 3562 solidos
368 3504 433 3562 duo.

322 3604 373 3660 00
416 3600 446 3658 Si
466 3599 596 3674 quintum
608 3597 725 3669 digitum
747 3599 782 3656 de
803 3615 888 3658 manu
908 3598 1070 3667 excusserit,
1095 3605 1237 3672 conponat
1258 3614 1303 3655 so-

243 3700 317 3760 lidos
336 3706 476 3774 quattuor.

323 3800 389 3856 04.
411 3795 465 3872 (aa
485 3813 553 3852 mco
572 3793 676 3870 rapto.)
718 3794 749 3851 Si
769 3795 832 3868 quis
852 3794 957 3852 aldium
977 3792 1100 3850 alienum
1120 3801 1167 3850 aut
1187 3809 1297 3850 servum

210 3915 214 3922 ’
242 3895 452 3954 ministerialem
473 3910 542 3951 coxa
563 3892 669 3966 ruperit
689 3892 838 3960 cattinis,
869 3897 1009 3965 conponat
1029 3890 1135 3948 solidos
1157 3895 1229 3957 tres,
1254 3909 1301 3949 ex·

242 4003 323 4068 cepto
345 4007 444 4068 operas
464 3992 650 4048 et-naerccdls
672 3990 785 4049 medici.

322 4094 388 4152 06·
410 4091 463 4164 (De
482 4095 549 4164 pede
570 4091 694 4159 manao.)
737 4087 766 4144 Si
788 4088 850 4160 quis
863 4088 969 4146 aldium
983 4088 1107 4146 alienum
1129 4093 1175 4144 aut
1195 4103 1303 4145 servum

238 4189 451 4248 ministerialem
470 4189 573 4264 pedem
593 4187 752 4256 absciderit,
775 4186 953 4242 medietatem
977 4185 1058 4258 pretii
1083 4185 1169 4258 ipsios
1189 4185 1216 4242 ai
1236 4202 1303 4244 oon-

242 4295 340 4362 ponat,
362 4293 479 4360 excepto
501 4303 600 4360 operas
621 4291 649 4342 et
668 4283 807 4340 mercedis
827 4282 941 4340 medici.

180 4379 182 4383 ’
324 4389 389 4445 00.
413 4385 470 4460 (De
490 4388 579 4459 dioilo
595 4382 716 4457 pedena)
759 4381 789 4439 Si
814 4382 877 4455 quis
903 4381 1008 4439 aldium
1034 4380 1157 4438 alienum
1177 4387 1225 4436 aut
1244 4395 1302 4436 ser·

242 4499 306 4542 rum
325 4482 536 4541 ministerialem
558 4481 678 4555 pelicem
699 4481 735 4537 de
755 4479 827 4553 peda
847 4479 1175 4552 excusserit,.oooponat
1193 4477 1300 4536 solidus

242 4587 382 4656 quattuor,
405 4586 521 4653 excepto
543 4595 641 4653 operas
662 4584 690 4636 et
710 4577 846 4636 mercedis
867 4576 977 4636 medici.
