3022 5144
1136 521 1232 584 ,35

267 697 398 756 sottum
418 691 528 776 unum)
562 694 673 774 Epor,
712 669 886 778 Gnelplist
912 699 963 755 sot'
994 717 1044 770 .ι.;
1078 698 1167 760 deest
1201 699 1232 760 in

313 805 444 888 Guelph.
471 806 510 878 23
537 807 570 866 in
585 807 652 871 Par.
679 807 765 868 tuta
790 829 882 888 supra
908 811 1083 872 monuimus
1107 810 1231 872 univer-

268 907 272 918 ’
313 939 378 980 sam
401 917 482 980 hane
505 927 586 1000 ῥῆσιν
610 921 728 984 deesse.

268 1033 565 1109 sursumsstremiase)
590 1033 709 1093 Desunt
732 1030 810 1095 haec
834 1032 1231 1114 intentatauuetphn.
1291 1075 1295 1082 .
1351 1011 1355 1018 ,

314 1143 387 1206 Post
398 1163 463 1204 nere
475 1145 533 1208 Me.
551 1144 641 1216 addit,
651 1165 812 1216 numerum,
839 1145 933 1226 idque
948 1145 1023 1207 nlim
1037 1167 1229 1227 receperam,
1307 1176 1310 1184 ·

313 1273 376 1338 qun
400 1255 480 1318 torte
503 1277 540 1320 ee
564 1277 625 1320 vox
648 1259 810 1338 prodesset
840 1259 878 1320 ad
903 1242 1060 1322 difficilem
1077 1267 1177 1340 ‚atque
1202 1267 1234 1321 ut

314 1366 442 1432 videtur*
452 1380 630 1451 corruptum
655 1368 755 1434 lecum
780 1372 962 1434 sanandum.
1009 1371 1152 1436 Ceterum
1177 1393 1232 1454 pre
1266 1397 1268 1404 ⁴

232 1527 233 1532 1
311 1484 436 1542 trentiaee
460 1482 531 1552 Cau
557 1485 725 1550 tmmisaemr
752 1484 811 1548 Ma.
837 1486 953 1550 tentiam.
985 1485 1031 1546 De
1056 1485 1114 1548 luci
1139 1486 1233 1569 signi-

311 1591 457 1656 ficatione
481 1595 551 1657 ride
575 1595 768 1677 conjecturas
792 1596 826 1660 V.
849 1595 893 1659 Cl.
917 1596 1047 1668 Promis,
1073 1596 1131 1662 eol.
1154 1596 1230 1670 245,

312 1725 391 1768 vers.
417 1707 558 1773 22—-32
596 1707 671 1770 Mihi
695 1706 786 1769 aliam
811 1708 1022 1789 conjecturam
1046 1708 1139 1772 liceat
1161 1731 1233 1790 pro·-

312 1836 448 1899 ponere,
483 1820 578 1882 verba
608 1840 706 1900 nsque
734 1823 772 1882 ad
793 1823 971 1899 pedes—per
993 1823 1118 1881 tramitae
1139 1842 1232 1902 supra
1300 1865 1303 1869 -

313 1952 381 1993 esse
423 1931 655 2004 transferenda,
700 1941 770 2014 post
812 1935 926 1994 ducenti
963 1935 1064 2012 nipinti
1094 1936 1229 2014 quinque,

312 2052 366 2105 aut
388 2045 497 2108 saltem
521 2046 561 2106 ad
586 2051 657 2106 enm
680 2045 783 2108 loeum
807 2046 988 2120 reserenda,
1014 2047 1057 2109 ita
1080 2056 1114 2109 ut
1138 2049 1232 2110 verba

313 2158 338 2215 si
351 2159 583 2218 nero-eolidnns
595 2179 684 2218 nnana
701 2158 846 2220 habenda
862 2159 924 2221 sint
942 2152 1100 2242 tamquam
1120 2180 1232 2241 paren-

319 2267 400 2330 thesi
423 2268 543 2333 inclusa
567 2278 598 2332 et
621 2290 638 2331 a
661 2270 825 2353 principali
849 2280 996 2334 contextu
1020 2272 1138 2340 aliena,
1174 2273 1233 2334 hnc

313 2381 424 2442 modo:
457 2383 492 2442 de
523 2383 585 2461 ipen
607 2402 689 2444 muro
713 2387 801 2444 undat
820 2404 873 2463 per
894 2386 1016 2446 solidum
1040 2389 1234 2466 antepedes

313 2495 425 2554 ducenti
453 2495 554 2572 alpini
581 2495 705 2576 quinque
732 2517 819 2575 usqua
848 2499 886 2566 nd
915 2499 1000 2577 pedes
1023 2486 1146 2577 quinque
1168 2517 1233 2558 aar·

184 2585 185 2588 ¹
313 2627 388 2680 aum,
412 2609 444 2667 in
467 2608 670 2684 lunpitudinem
692 2627 756 2668 nero
780 2618 822 2668 ter
846 2611 946 2688 patena
966 2629 1018 2690 per
1040 2611 1185 2671 tremisse:
1210 2609 1235 2671 si
1259 2662 1261 2665 f

226 2733 258 2762 ··
313 2737 378 2778 uera
401 2720 545 2780 maantam
566 2721 736 2792 mutaverit,
771 2722 816 2781 det
843 2723 928 2800 pedes
958 2724 1234 2800 cemmanctoptnta

314 2821 345 2892 iti
374 2831 497 2891 solidum
524 2851 620 2892 anum
676 2832 755 2895 Nam
787 2831 812 2893 si
846 2831 878 2894 in
915 2833 1141 2914 longitudinem
1173 2834 1234 2898 sint

315 2945 412 3022 pedes
436 2939 614 3026 quindecim
637 2945 823 3028 (tarquini)
848 2965 904 3026 per
927 2947 1118 3020 tremissem,
1144 2955 1235 3008 erunt

315 3055 412 3134 pedes
447 3055 586 3138 quinque
614 3064 646 3120 et
677 3057 881 3140 quadraginta
914 3077 972 3138 per
1000 3056 1149 3130 solidum,
1181 3059 1233 3139 qni

315 3187 372 3248 per
400 3167 594 3232 altitudinem
624 3170 741 3250 pedum
769 3169 908 3251 quinque
938 3189 1058 3232 sarsum
1086 3169 1234 3250 multipli-

314 3279 374 3341 cati
421 3278 559 3343 efficiunt
604 3282 702 3362 pedes
747 3282 898 3342 ducentos
944 3280 1051 3361 viginti
1093 3283 1233 3364 quinque

316 3391 451 3476 (15><3
465 3393 688 3472 ><5='aat);
714 3393 746 3454 iu
770 3392 883 3476 solario
906 3401 1011 3456 autern
1033 3400 1090 3456 se'u
1113 3394 1143 3456 iu
1168 3415 1234 3458 ma·
1362 3404 1367 3418 “

315 3505 417 3583 ulaine,
445 3506 486 3567 nb
509 3506 658 3588 majorem
682 3504 831 3572 laborem.
858 3505 1015 3586 impensas
1038 3515 1069 3568 et
1080 3507 1230 3588 pericula,

315 3617 408 3681 dandi
433 3628 521 3680 erant
543 3619 642 3701 pedes
665 3617 878 3680 tantummode
907 3627 1030 3682 eentum
1062 3598 1236 3701 octoginta}

315 3751 384 3804 seu,
408 3729 508 3810 pesile
533 3732 643 3792 eadem
666 3731 840 3808 teutranno
862 3750 917 3793 seu
940 3729 1007 3794 hesi
1023 3733 1137 3812 pedum
1157 3749 1234 3812 qua·
1307 3721 1310 3728 ⁴

317 3843 456 3926 draginta
480 3842 637 3924 quinque,
673 3863 730 3923 pro
764 3842 854 3906 nnius
885 3842 976 3906 solidi
1003 3844 1105 3926 pretio
1129 3863 1234 3906 murus

316 3954 495 4018 evehendus
530 3973 593 4020 nnn
625 3953 682 4018 luit
720 3955 779 4018 nisi
812 3955 852 4018 ad
890 3955 1084 4018 altitudinem
1118 3956 1233 4046 pedum

315 4076 470 4149 quattuor.
526 4042 681 4150 Suspicari
717 4076 880 4149 praeterea
912 4066 985 4130 lieet
999 4068 1112 4159 narba
1140 4067 1231 4141 haec,

316 4199 398 4260 quae
421 4180 534 4242 desunt
562 4179 594 4241 in
619 4181 710 4244 codd.
737 4157 894 4244 secandae
924 4179 1081 4254 familiae,
1113 4179 1234 4262 adjecta
1316 4263 1319 4268 ι

300 4293 441 4355 ,demum
464 4291 558 4354 fnisse
591 4312 609 4354 a
638 4293 847 4375 liutprando,
884 4313 956 4359 eum
975 4292 1119 4444 3tt'r'aquinn
1145 4279 1253 4356 muros
1280 4321 1283 4327 ·
