<?xml version="1.0" encoding="UTF-8"?>
<!DOCTYPE html PUBLIC "-//W3C//DTD XHTML 1.0 Transitional//EN"
    "http://www.w3.org/TR/xhtml1/DTD/xhtml1-transitional.dtd">
<html xmlns="http://www.w3.org/1999/xhtml" xml:lang="en" lang="en">
 <head>
  <title>
</title>
<meta http-equiv="Content-Type" content="text/html;charset=utf-8" />
  <meta name='ocr-system' content='tesseract 3.04.00' />
  <meta name='ocr-capabilities' content='ocr_page ocr_carea ocr_par ocr_line ocrx_word'/>
</head>
<body>
  <div class='ocr_page' id='page_1' title='image "./edictaregumlang00neiggoog_0076.png"; bbox 0 0 3048 5130; ppageno 0'>
   <div class='ocr_carea' id='block_1_1' title="bbox 552 495 1283 562">
    <p class='ocr_par' dir='ltr' id='par_1_1' title="bbox 552 495 1283 562">
     <span class='ocr_line' id='line_1_1' title="bbox 552 495 1283 562; baseline 0.004 -7"><span class='ocrx_word' id='word_1_1' title='bbox 552 511 689 560; x_wconf 82' lang='lat' dir='ltr'><strong>enrcrmr</strong></span> <span class='ocrx_word' id='word_1_2' title='bbox 712 512 778 562; x_wconf 74' lang='lat' dir='ltr'><strong>cer.</strong></span> <span class='ocrx_word' id='word_1_3' title='bbox 803 507 944 555; x_wconf 82' lang='lat' dir='ltr'><strong>are-ass.</strong></span> <span class='ocrx_word' id='word_1_4' title='bbox 1241 495 1283 560; x_wconf 76' lang='lat'><strong>55</strong></span> 
     </span>
    </p>
   </div>
   <div class='ocr_carea' id='block_1_2' title="bbox 225 623 1285 936">
    <p class='ocr_par' dir='ltr' id='par_1_2' title="bbox 225 623 1285 936">
     <span class='ocr_line' id='line_1_2' title="bbox 226 623 1283 738; baseline 0.006 -22"><span class='ocrx_word' id='word_1_5' title='bbox 226 663 312 735; x_wconf 87' lang='lat' dir='ltr'><strong>ponat</strong></span> <span class='ocrx_word' id='word_1_6' title='bbox 342 675 394 738; x_wconf 88' lang='lat' dir='ltr'><strong>pro</strong></span> <span class='ocrx_word' id='word_1_7' title='bbox 422 660 515 736; x_wconf 90' lang='lat' dir='ltr'><strong>ipsum</strong></span> <span class='ocrx_word' id='word_1_8' title='bbox 544 661 712 734; x_wconf 79' lang='lat' dir='ltr'><strong>injuriosum</strong></span> <span class='ocrx_word' id='word_1_9' title='bbox 733 662 848 725; x_wconf 85' lang='lat' dir='ltr'><strong>verbum</strong></span> <span class='ocrx_word' id='word_1_10' title='bbox 868 661 976 723; x_wconf 85' lang='lat' dir='ltr'><strong>solidos</strong></span> <span class='ocrx_word' id='word_1_11' title='bbox 996 679 1046 722; x_wconf 91' lang='grc' dir='ltr'><strong>ιιι.</strong></span> <span class='ocrx_word' id='word_1_12' title='bbox 1087 623 1127 720; x_wconf 52' lang='lat' dir='ltr'><strong>lit⁴</strong></span> <span class='ocrx_word' id='word_1_13' title='bbox 1144 662 1167 720; x_wconf 84' lang='lat' dir='ltr'><strong>si</strong></span> <span class='ocrx_word' id='word_1_14' title='bbox 1189 677 1283 738; x_wconf 86' lang='lat' dir='ltr'><strong>perse-</strong></span> 
     </span>
     <span class='ocr_line' id='line_1_3' title="bbox 225 756 1285 834; baseline 0.005 -21"><span class='ocrx_word' id='word_1_15' title='bbox 225 756 379 830; x_wconf 83' lang='lat' dir='ltr'><strong>veraverit,</strong></span> <span class='ocrx_word' id='word_1_16' title='bbox 411 759 560 819; x_wconf 86' lang='lat' dir='ltr'><strong>convincat</strong></span> <span class='ocrx_word' id='word_1_17' title='bbox 589 776 638 833; x_wconf 89' lang='lat' dir='ltr'><strong>per</strong></span> <span class='ocrx_word' id='word_1_18' title='bbox 665 775 788 834; x_wconf 84' lang='lat' dir='ltr'><strong>pugnam</strong></span> <span class='ocrx_word' id='word_1_19' title='bbox 819 761 842 821; x_wconf 84' lang='lat' dir='ltr'><strong>ai</strong></span> <span class='ocrx_word' id='word_1_20' title='bbox 864 760 1006 834; x_wconf 88' lang='lat' dir='ltr'><strong>potuerit,</strong></span> <span class='ocrx_word' id='word_1_21' title='bbox 1037 767 1084 820; x_wconf 86' lang='lat' dir='ltr'><strong>eut</strong></span> <span class='ocrx_word' id='word_1_22' title='bbox 1114 767 1189 820; x_wconf 89' lang='lat' dir='ltr'><strong>certe</strong></span> <span class='ocrx_word' id='word_1_23' title='bbox 1217 778 1285 819; x_wconf 86' lang='lat' dir='ltr'><strong>con-</strong></span> 
     </span>
     <span class='ocr_line' id='line_1_4' title="bbox 225 860 595 936; baseline 0.016 -27"><span class='ocrx_word' id='word_1_24' title='bbox 225 860 312 926; x_wconf 87' lang='lat' dir='ltr'><strong>ponat</strong></span> <span class='ocrx_word' id='word_1_25' title='bbox 331 861 362 912; x_wconf 91' lang='lat' dir='ltr'><strong>ut</strong></span> <span class='ocrx_word' id='word_1_26' title='bbox 381 873 472 930; x_wconf 88' lang='lat' dir='ltr'><strong>supra.</strong></span> <span class='ocrx_word' id='word_1_27' title='bbox 589 919 595 936; x_wconf 47' lang='grc' dir='ltr'><strong><em>Ι</em></strong></span> 
     </span>
    </p>
   </div>
   <div class='ocr_carea' id='block_1_3' title="bbox 224 971 1286 1337">
    <p class='ocr_par' dir='ltr' id='par_1_3' title="bbox 224 971 1286 1337">
     <span class='ocr_line' id='line_1_5' title="bbox 302 971 1285 1046; baseline 0.001 -17"><span class='ocrx_word' id='word_1_28' title='bbox 302 971 388 1030; x_wconf 69' lang='grc'><strong>888.</strong></span> <span class='ocrx_word' id='word_1_29' title='bbox 431 973 461 1032; x_wconf 83' lang='lat' dir='ltr'><strong>Si</strong></span> <span class='ocrx_word' id='word_1_30' title='bbox 483 972 545 1046; x_wconf 84' lang='lat' dir='ltr'><strong>quis</strong></span> <span class='ocrx_word' id='word_1_31' title='bbox 567 973 712 1031; x_wconf 90' lang='lat' dir='ltr'><strong>hominem</strong></span> <span class='ocrx_word' id='word_1_32' title='bbox 733 972 854 1030; x_wconf 86' lang='lat' dir='ltr'><strong>liberum</strong></span> <span class='ocrx_word' id='word_1_33' title='bbox 874 973 1015 1046; x_wconf 76' lang='lat' dir='ltr'>inpegerit</span> <span class='ocrx_word' id='word_1_34' title='bbox 1035 979 1066 1030; x_wconf 93' lang='lat' dir='ltr'><strong>ut</strong></span> <span class='ocrx_word' id='word_1_35' title='bbox 1086 974 1185 1040; x_wconf 84' lang='lat' dir='ltr'><strong>cadat,</strong></span> <span class='ocrx_word' id='word_1_36' title='bbox 1217 991 1285 1030; x_wconf 90' lang='lat' dir='ltr'><strong>con-</strong></span> 
     </span>
     <span class='ocr_line' id='line_1_6' title="bbox 225 1069 1285 1146; baseline 0.005 -23"><span class='ocrx_word' id='word_1_37' title='bbox 225 1075 312 1140; x_wconf 89' lang='lat' dir='ltr'><strong>ponat</strong></span> <span class='ocrx_word' id='word_1_38' title='bbox 329 1069 434 1127; x_wconf 89' lang='lat' dir='ltr'><strong>solidos</strong></span> <span class='ocrx_word' id='word_1_39' title='bbox 454 1088 492 1140; x_wconf 84' lang='lat' dir='ltr'><strong>rr,</strong></span> <span class='ocrx_word' id='word_1_40' title='bbox 516 1071 555 1128; x_wconf 91' lang='lat' dir='ltr'><strong>sic</strong></span> <span class='ocrx_word' id='word_1_41' title='bbox 577 1078 669 1128; x_wconf 85' lang='lat' dir='ltr'><strong>temen</strong></span> <span class='ocrx_word' id='word_1_42' title='bbox 691 1073 713 1129; x_wconf 90' lang='lat' dir='ltr'><strong>si</strong></span> <span class='ocrx_word' id='word_1_43' title='bbox 730 1073 845 1128; x_wconf 88' lang='lat' dir='ltr'><strong>alteram</strong></span> <span class='ocrx_word' id='word_1_44' title='bbox 861 1071 997 1129; x_wconf 81' lang='lat' dir='ltr'><strong>lesionem</strong></span> <span class='ocrx_word' id='word_1_45' title='bbox 1017 1071 1177 1146; x_wconf 91' lang='lat' dir='ltr'><strong>incorpore</strong></span> <span class='ocrx_word' id='word_1_46' title='bbox 1198 1072 1285 1146; x_wconf 91' lang='lat' dir='ltr'><strong>ipsius</strong></span> 
     </span>
     <span class='ocr_line' id='line_1_7' title="bbox 224 1155 1286 1242; baseline 0.001 -17"><span class='ocrx_word' id='word_1_47' title='bbox 224 1182 281 1225; x_wconf 87' lang='lat' dir='ltr'><strong>uon</strong></span> <span class='ocrx_word' id='word_1_48' title='bbox 304 1166 417 1233; x_wconf 79' lang='lat' dir='ltr'><strong>lecerit3</strong></span> <span class='ocrx_word' id='word_1_49' title='bbox 460 1169 483 1225; x_wconf 91' lang='lat' dir='ltr'><strong>si</strong></span> <span class='ocrx_word' id='word_1_50' title='bbox 511 1175 603 1227; x_wconf 90' lang='lat' dir='ltr'><strong>autem</strong></span> <span class='ocrx_word' id='word_1_51' title='bbox 632 1187 697 1226; x_wconf 91' lang='lat' dir='ltr'><strong>eum</strong></span> <span class='ocrx_word' id='word_1_52' title='bbox 718 1169 858 1242; x_wconf 74' lang='lat' dir='ltr'><strong>inpegerit</strong></span> <span class='ocrx_word' id='word_1_53' title='bbox 885 1176 912 1226; x_wconf 90' lang='lat' dir='ltr'><strong>et</strong></span> <span class='ocrx_word' id='word_1_54' title='bbox 943 1186 1000 1227; x_wconf 93' lang='lat' dir='ltr'><strong>non</strong></span> <span class='ocrx_word' id='word_1_55' title='bbox 1017 1155 1185 1240; x_wconf 74' lang='lat' dir='ltr'><strong>ceceanu,</strong></span> <span class='ocrx_word' id='word_1_56' title='bbox 1218 1187 1286 1228; x_wconf 89' lang='lat' dir='ltr'><strong>oon·</strong></span> 
     </span>
     <span class='ocr_line' id='line_1_8' title="bbox 224 1251 1019 1337; baseline -0.01 -11"><span class='ocrx_word' id='word_1_57' title='bbox 224 1273 311 1337; x_wconf 81' lang='lat' dir='ltr'><strong>ponat</strong></span> <span class='ocrx_word' id='word_1_58' title='bbox 330 1266 436 1328; x_wconf 88' lang='lat' dir='ltr'><strong>solidos</strong></span> <span class='ocrx_word' id='word_1_59' title='bbox 457 1283 497 1326; x_wconf 88' lang='grc' dir='ltr'><strong>ιιι.</strong></span> <span class='ocrx_word' id='word_1_60' title='bbox 1017 1251 1019 1255; x_wconf 73' lang='grc'><strong>’</strong></span> 
     </span>
    </p>
   </div>
   <div class='ocr_carea' id='block_1_4' title="bbox 224 1382 1286 1754">
    <p class='ocr_par' dir='ltr' id='par_1_4' title="bbox 224 1382 1286 1754">
     <span class='ocr_line' id='line_1_9' title="bbox 303 1382 1286 1456; baseline 0 -17"><span class='ocrx_word' id='word_1_61' title='bbox 303 1383 389 1440; x_wconf 71' lang='grc'><strong>888.</strong></span> <span class='ocrx_word' id='word_1_62' title='bbox 422 1382 451 1438; x_wconf 90' lang='lat' dir='ltr'><strong>Si</strong></span> <span class='ocrx_word' id='word_1_63' title='bbox 474 1383 536 1456; x_wconf 93' lang='lat' dir='ltr'><strong>quis</strong></span> <span class='ocrx_word' id='word_1_64' title='bbox 552 1383 695 1441; x_wconf 90' lang='lat' dir='ltr'><strong>bominem</strong></span> <span class='ocrx_word' id='word_1_65' title='bbox 714 1383 845 1453; x_wconf 87' lang='lat' dir='ltr'><strong>liberum,</strong></span> <span class='ocrx_word' id='word_1_66' title='bbox 868 1389 1030 1455; x_wconf 79' lang='lat' dir='ltr'><strong>surgentem</strong></span> <span class='ocrx_word' id='word_1_67' title='bbox 1051 1398 1127 1453; x_wconf 79' lang='lat' dir='ltr'><strong>rena,</strong></span> <span class='ocrx_word' id='word_1_68' title='bbox 1151 1400 1202 1456; x_wconf 87' lang='lat' dir='ltr'><strong>per</strong></span> <span class='ocrx_word' id='word_1_69' title='bbox 1222 1383 1286 1440; x_wconf 89' lang='lat' dir='ltr'><strong>bar-</strong></span> 
     </span>
     <span class='ocr_line' id='line_1_10' title="bbox 224 1478 1285 1554; baseline 0.002 -18"><span class='ocrx_word' id='word_1_70' title='bbox 224 1478 274 1536; x_wconf 85' lang='lat' dir='ltr'><strong>bas</strong></span> <span class='ocrx_word' id='word_1_71' title='bbox 294 1486 341 1536; x_wconf 82' lang='lat' dir='ltr'><strong>eut</strong></span> <span class='ocrx_word' id='word_1_72' title='bbox 361 1481 475 1554; x_wconf 78' lang='lat' dir='ltr'><strong>capillos</strong></span> <span class='ocrx_word' id='word_1_73' title='bbox 492 1483 621 1551; x_wconf 78' lang='lat' dir='ltr'><strong>traxerit,</strong></span> <span class='ocrx_word' id='word_1_74' title='bbox 646 1488 790 1554; x_wconf 87' lang='lat' dir='ltr'><strong>conponat</strong></span> <span class='ocrx_word' id='word_1_75' title='bbox 808 1481 914 1538; x_wconf 91' lang='lat' dir='ltr'><strong>solidos</strong></span> <span class='ocrx_word' id='word_1_76' title='bbox 934 1499 972 1552; x_wconf 85' lang='lat' dir='ltr'><strong>vr,</strong></span> <span class='ocrx_word' id='word_1_77' title='bbox 996 1482 1019 1539; x_wconf 89' lang='lat' dir='ltr'><strong>si</strong></span> <span class='ocrx_word' id='word_1_78' title='bbox 1041 1482 1145 1540; x_wconf 81' lang='lat' dir='ltr'><strong>aldium</strong></span> <span class='ocrx_word' id='word_1_79' title='bbox 1166 1489 1214 1538; x_wconf 91' lang='lat' dir='ltr'><strong>aut</strong></span> <span class='ocrx_word' id='word_1_80' title='bbox 1234 1481 1285 1538; x_wconf 93' lang='lat' dir='ltr'><strong>mi-</strong></span> 
     </span>
     <span class='ocr_line' id='line_1_11' title="bbox 224 1577 1282 1653; baseline 0.004 -21"><span class='ocrx_word' id='word_1_81' title='bbox 224 1577 388 1636; x_wconf 87' lang='lat' dir='ltr'><strong>nistirialem</strong></span> <span class='ocrx_word' id='word_1_82' title='bbox 409 1596 458 1636; x_wconf 89' lang='lat' dir='ltr'><strong>seu</strong></span> <span class='ocrx_word' id='word_1_83' title='bbox 482 1597 562 1637; x_wconf 80' lang='lat' dir='ltr'><strong>servo</strong></span> <span class='ocrx_word' id='word_1_84' title='bbox 589 1580 731 1650; x_wconf 89' lang='lat' dir='ltr'><strong>rustigano</strong></span> <span class='ocrx_word' id='word_1_85' title='bbox 760 1595 812 1653; x_wconf 89' lang='lat' dir='ltr'><strong>per</strong></span> <span class='ocrx_word' id='word_1_86' title='bbox 831 1577 932 1636; x_wconf 84' lang='lat' dir='ltr'><strong>barbas</strong></span> <span class='ocrx_word' id='word_1_87' title='bbox 953 1587 1000 1636; x_wconf 91' lang='lat' dir='ltr'><strong>aut</strong></span> <span class='ocrx_word' id='word_1_88' title='bbox 1020 1581 1135 1652; x_wconf 86' lang='lat' dir='ltr'><strong>capillos</strong></span> <span class='ocrx_word' id='word_1_89' title='bbox 1157 1579 1282 1645; x_wconf 83' lang='lat' dir='ltr'><strong>traxerit,</strong></span> 
     </span>
     <span class='ocr_line' id='line_1_12' title="bbox 225 1677 717 1754; baseline 0.004 -20"><span class='ocrx_word' id='word_1_90' title='bbox 225 1686 369 1754; x_wconf 84' lang='lat' dir='ltr'><strong>conponat</strong></span> <span class='ocrx_word' id='word_1_91' title='bbox 389 1677 460 1738; x_wconf 89' lang='lat' dir='ltr'><strong>sicut</strong></span> <span class='ocrx_word' id='word_1_92' title='bbox 480 1695 531 1751; x_wconf 92' lang='lat' dir='ltr'><strong>pro</strong></span> <span class='ocrx_word' id='word_1_93' title='bbox 553 1678 632 1735; x_wconf 83' lang='lat' dir='ltr'><strong>serite</strong></span> <span class='ocrx_word' id='word_1_94' title='bbox 653 1694 717 1736; x_wconf 89' lang='lat' dir='ltr'><strong>una.</strong></span> 
     </span>
    </p>
   </div>
   <div class='ocr_carea' id='block_1_5' title="bbox 170 1789 1285 2454">
    <p class='ocr_par' dir='ltr' id='par_1_5' title="bbox 170 1789 1285 2454">
     <span class='ocr_line' id='line_1_13' title="bbox 303 1789 1284 1868; baseline -0.001 -18"><span class='ocrx_word' id='word_1_95' title='bbox 303 1794 387 1851; x_wconf 75' lang='lat'><strong>884.</strong></span> <span class='ocrx_word' id='word_1_96' title='bbox 410 1791 463 1868; x_wconf 86' lang='lat' dir='ltr'><strong>(De</strong></span> <span class='ocrx_word' id='word_1_97' title='bbox 482 1795 603 1862; x_wconf 81' lang='lat' dir='ltr'><strong>bruelio,</strong></span> <span class='ocrx_word' id='word_1_98' title='bbox 626 1811 711 1864; x_wconf 81' lang='lat' dir='ltr'><strong>coco,</strong></span> <span class='ocrx_word' id='word_1_99' title='bbox 735 1810 781 1850; x_wconf 84' lang='lat' dir='ltr'><strong>seu</strong></span> <span class='ocrx_word' id='word_1_100' title='bbox 801 1795 871 1849; x_wconf 85' lang='lat' dir='ltr'><strong>tibio</strong></span> <span class='ocrx_word' id='word_1_101' title='bbox 891 1789 997 1866; x_wconf 78' lang='lat' dir='ltr'><strong>rapto.)</strong></span> <span class='ocrx_word' id='word_1_102' title='bbox 1039 1791 1069 1848; x_wconf 87' lang='lat' dir='ltr'><strong>Si</strong></span> <span class='ocrx_word' id='word_1_103' title='bbox 1091 1791 1154 1864; x_wconf 90' lang='lat' dir='ltr'><strong>quis</strong></span> <span class='ocrx_word' id='word_1_104' title='bbox 1174 1791 1284 1849; x_wconf 89' lang='lat' dir='ltr'><strong>bomini</strong></span> 
     </span>
     <span class='ocr_line' id='line_1_14' title="bbox 170 1888 1285 1964; baseline 0.002 -20"><span class='ocrx_word' id='word_1_105' title='bbox 170 1939 171 1943; x_wconf 74' lang='grc'>,</span> <span class='ocrx_word' id='word_1_106' title='bbox 223 1888 312 1946; x_wconf 94' lang='lat' dir='ltr'><strong>libero</strong></span> <span class='ocrx_word' id='word_1_107' title='bbox 334 1890 450 1948; x_wconf 91' lang='lat' dir='ltr'><strong>brachio</strong></span> <span class='ocrx_word' id='word_1_108' title='bbox 472 1907 555 1964; x_wconf 89' lang='lat' dir='ltr'><strong>super</strong></span> <span class='ocrx_word' id='word_1_109' title='bbox 576 1892 679 1964; x_wconf 89' lang='lat' dir='ltr'><strong>govito,</strong></span> <span class='ocrx_word' id='word_1_110' title='bbox 703 1891 756 1948; x_wconf 89' lang='lat' dir='ltr'><strong>boc</strong></span> <span class='ocrx_word' id='word_1_111' title='bbox 777 1897 819 1948; x_wconf 90' lang='lat' dir='ltr'><strong>est</strong></span> <span class='ocrx_word' id='word_1_112' title='bbox 838 1890 973 1960; x_wconf 91' lang='lat' dir='ltr'><strong>murioth,</strong></span> <span class='ocrx_word' id='word_1_113' title='bbox 997 1889 1119 1963; x_wconf 88' lang='lat' dir='ltr'><strong>ruperit,</strong></span> <span class='ocrx_word' id='word_1_114' title='bbox 1143 1895 1285 1963; x_wconf 88' lang='lat' dir='ltr'><strong>conponat</strong></span> 
     </span>
     <span class='ocr_line' id='line_1_15' title="bbox 224 1987 1285 2064; baseline 0.001 -21"><span class='ocrx_word' id='word_1_115' title='bbox 224 1987 328 2044; x_wconf 91' lang='lat' dir='ltr'><strong>solidos</strong></span> <span class='ocrx_word' id='word_1_116' title='bbox 349 2005 404 2052; x_wconf 86' lang='grc' dir='ltr'><strong>ιι;</strong></span> <span class='ocrx_word' id='word_1_117' title='bbox 427 1990 448 2045; x_wconf 92' lang='lat' dir='ltr'><strong>si</strong></span> <span class='ocrx_word' id='word_1_118' title='bbox 471 1998 562 2047; x_wconf 89' lang='lat' dir='ltr'><strong>antem</strong></span> <span class='ocrx_word' id='word_1_119' title='bbox 583 1991 679 2047; x_wconf 85' lang='lat' dir='ltr'><strong>subtus</strong></span> <span class='ocrx_word' id='word_1_120' title='bbox 701 1990 847 2064; x_wconf 75' lang='lat' dir='ltr'><strong>gemitum,</strong></span> <span class='ocrx_word' id='word_1_121' title='bbox 872 1989 949 2063; x_wconf 90' lang='lat' dir='ltr'><strong>quod</strong></span> <span class='ocrx_word' id='word_1_122' title='bbox 967 1993 1008 2044; x_wconf 90' lang='lat' dir='ltr'><strong>est</strong></span> <span class='ocrx_word' id='word_1_123' title='bbox 1026 1995 1118 2059; x_wconf 89' lang='lat' dir='ltr'><strong>treno,</strong></span> <span class='ocrx_word' id='word_1_124' title='bbox 1142 1995 1285 2061; x_wconf 88' lang='lat' dir='ltr'><strong>conponat</strong></span> 
     </span>
     <span class='ocr_line' id='line_1_16' title="bbox 223 2085 1280 2160; baseline 0.001 -19"><span class='ocrx_word' id='word_1_125' title='bbox 223 2085 328 2142; x_wconf 92' lang='lat' dir='ltr'><strong>solidos</strong></span> <span class='ocrx_word' id='word_1_126' title='bbox 348 2103 405 2148; x_wconf 81' lang='grc' dir='ltr'><strong>ιιι.</strong></span> <span class='ocrx_word' id='word_1_127' title='bbox 448 2087 477 2143; x_wconf 90' lang='lat' dir='ltr'><strong>Si</strong></span> <span class='ocrx_word' id='word_1_128' title='bbox 505 2103 574 2144; x_wconf 84' lang='lat' dir='ltr'><strong>coxa</strong></span> <span class='ocrx_word' id='word_1_129' title='bbox 603 2086 709 2160; x_wconf 92' lang='lat' dir='ltr'><strong>ruperit</strong></span> <span class='ocrx_word' id='word_1_130' title='bbox 736 2103 820 2160; x_wconf 91' lang='lat' dir='ltr'><strong>super</strong></span> <span class='ocrx_word' id='word_1_131' title='bbox 848 2086 1029 2158; x_wconf 88' lang='lat' dir='ltr'><strong>geniculum,</strong></span> <span class='ocrx_word' id='word_1_132' title='bbox 1056 2085 1112 2144; x_wconf 87' lang='lat' dir='ltr'><strong>hoc</strong></span> <span class='ocrx_word' id='word_1_133' title='bbox 1143 2091 1184 2143; x_wconf 90' lang='lat' dir='ltr'><strong>est</strong></span> <span class='ocrx_word' id='word_1_134' title='bbox 1213 2086 1280 2156; x_wconf 87' lang='lat' dir='ltr'><strong>lagi,</strong></span> 
     </span>
     <span class='ocr_line' id='line_1_17' title="bbox 223 2183 1284 2257; baseline -0.001 -17"><span class='ocrx_word' id='word_1_135' title='bbox 223 2191 367 2256; x_wconf 87' lang='lat' dir='ltr'><strong>conponat</strong></span> <span class='ocrx_word' id='word_1_136' title='bbox 386 2183 491 2242; x_wconf 91' lang='lat' dir='ltr'><strong>solidos</strong></span> <span class='ocrx_word' id='word_1_137' title='bbox 512 2201 568 2248; x_wconf 78' lang='lat' dir='ltr'><strong>xxa</strong></span> <span class='ocrx_word' id='word_1_138' title='bbox 590 2184 615 2241; x_wconf 87' lang='lat' dir='ltr'><strong>si</strong></span> <span class='ocrx_word' id='word_1_139' title='bbox 635 2185 731 2242; x_wconf 84' lang='lat' dir='ltr'><strong>subtus</strong></span> <span class='ocrx_word' id='word_1_140' title='bbox 753 2183 933 2255; x_wconf 80' lang='lat' dir='ltr'><strong>geniculum,</strong></span> <span class='ocrx_word' id='word_1_141' title='bbox 957 2184 1033 2257; x_wconf 89' lang='lat' dir='ltr'><strong>quod</strong></span> <span class='ocrx_word' id='word_1_142' title='bbox 1054 2190 1096 2240; x_wconf 89' lang='lat' dir='ltr'><strong>est</strong></span> <span class='ocrx_word' id='word_1_143' title='bbox 1116 2183 1193 2250; x_wconf 85' lang='lat' dir='ltr'><strong>tibia,</strong></span> <span class='ocrx_word' id='word_1_144' title='bbox 1217 2199 1284 2240; x_wconf 92' lang='lat' dir='ltr'><strong>oon-</strong></span> 
     </span>
     <span class='ocr_line' id='line_1_18' title="bbox 223 2276 1280 2355; baseline -0.001 -17"><span class='ocrx_word' id='word_1_145' title='bbox 223 2276 310 2354; x_wconf 83' lang='lat' dir='ltr'><strong>ponat</strong></span> <span class='ocrx_word' id='word_1_146' title='bbox 329 2281 434 2339; x_wconf 88' lang='lat' dir='ltr'><strong>solidos</strong></span> <span class='ocrx_word' id='word_1_147' title='bbox 455 2299 510 2341; x_wconf 83' lang='grc' dir='ltr'><strong>ιιι.</strong></span> <span class='ocrx_word' id='word_1_148' title='bbox 555 2281 584 2338; x_wconf 86' lang='grc' dir='ltr'><strong>8ἰ</strong></span> <span class='ocrx_word' id='word_1_149' title='bbox 612 2298 677 2338; x_wconf 85' lang='lat' dir='ltr'><strong>vero</strong></span> <span class='ocrx_word' id='word_1_150' title='bbox 700 2298 791 2338; x_wconf 90' lang='lat' dir='ltr'><strong>semus</strong></span> <span class='ocrx_word' id='word_1_151' title='bbox 818 2287 865 2340; x_wconf 91' lang='lat' dir='ltr'><strong>aut</strong></span> <span class='ocrx_word' id='word_1_152' title='bbox 885 2281 983 2338; x_wconf 91' lang='lat' dir='ltr'><strong>clodus</strong></span> <span class='ocrx_word' id='word_1_153' title='bbox 1004 2281 1104 2353; x_wconf 82' lang='lat' dir='ltr'><strong>tuerit,</strong></span> <span class='ocrx_word' id='word_1_154' title='bbox 1128 2286 1280 2355; x_wconf 88' lang='lat' dir='ltr'><strong>conponat,</strong></span> 
     </span>
     <span class='ocr_line' id='line_1_19' title="bbox 223 2378 992 2454; baseline -0.001 -19"><span class='ocrx_word' id='word_1_155' title='bbox 223 2378 294 2436; x_wconf 88' lang='lat' dir='ltr'><strong>sicut</strong></span> <span class='ocrx_word' id='word_1_156' title='bbox 313 2379 342 2437; x_wconf 91' lang='lat' dir='ltr'><strong>iu</strong></span> <span class='ocrx_word' id='word_1_157' title='bbox 364 2380 418 2438; x_wconf 91' lang='lat' dir='ltr'><strong>boc</strong></span> <span class='ocrx_word' id='word_1_158' title='bbox 440 2379 569 2436; x_wconf 85' lang='lat' dir='ltr'><strong>Edictum</strong></span> <span class='ocrx_word' id='word_1_159' title='bbox 591 2379 702 2451; x_wconf 89' lang='lat' dir='ltr'><strong>legitur,</strong></span> <span class='ocrx_word' id='word_1_160' title='bbox 726 2387 852 2452; x_wconf 87' lang='lat' dir='ltr'><strong>quartam</strong></span> <span class='ocrx_word' id='word_1_161' title='bbox 874 2385 992 2454; x_wconf 87' lang='lat' dir='ltr'><strong>partem.</strong></span> 
     </span>
    </p>
   </div>
   <div class='ocr_carea' id='block_1_6' title="bbox 207 2501 1284 2958">
    <p class='ocr_par' dir='ltr' id='par_1_6' title="bbox 207 2501 1284 2958">
     <span class='ocr_line' id='line_1_20' title="bbox 304 2501 1284 2579; baseline -0.001 -18"><span class='ocrx_word' id='word_1_162' title='bbox 304 2503 391 2561; x_wconf 76' lang='lat'><strong>885.</strong></span> <span class='ocrx_word' id='word_1_163' title='bbox 434 2501 487 2579; x_wconf 83' lang='lat' dir='ltr'><strong>(Dc</strong></span> <span class='ocrx_word' id='word_1_164' title='bbox 516 2506 630 2560; x_wconf 84' lang='lat' dir='ltr'><strong>mundio</strong></span> <span class='ocrx_word' id='word_1_165' title='bbox 653 2505 739 2576; x_wconf 85' lang='lat' dir='ltr'><strong>puelle</strong></span> <span class='ocrx_word' id='word_1_166' title='bbox 765 2513 790 2561; x_wconf 88' lang='lat' dir='ltr'><strong>et</strong></span> <span class='ocrx_word' id='word_1_167' title='bbox 814 2507 848 2561; x_wconf 86' lang='lat' dir='ltr'><strong>de</strong></span> <span class='ocrx_word' id='word_1_168' title='bbox 875 2503 1032 2578; x_wconf 67' lang='lat' dir='ltr'><strong>devituml·</strong></span> <span class='ocrx_word' id='word_1_169' title='bbox 1059 2503 1089 2561; x_wconf 88' lang='lat' dir='ltr'><strong>si</strong></span> <span class='ocrx_word' id='word_1_170' title='bbox 1110 2503 1227 2562; x_wconf 88' lang='lat' dir='ltr'><strong>mundio</strong></span> <span class='ocrx_word' id='word_1_171' title='bbox 1249 2504 1284 2561; x_wconf 92' lang='lat' dir='ltr'><strong>dc</strong></span> 
     </span>
     <span class='ocr_line' id='line_1_21' title="bbox 223 2601 1284 2682; baseline 0 -24"><span class='ocrx_word' id='word_1_172' title='bbox 223 2602 314 2673; x_wconf 84' lang='lat' dir='ltr'><strong>puelle</strong></span> <span class='ocrx_word' id='word_1_173' title='bbox 324 2602 421 2668; x_wconf 85' lang='lat' dir='ltr'><strong>libera,</strong></span> <span class='ocrx_word' id='word_1_174' title='bbox 445 2603 567 2675; x_wconf 87' lang='lat' dir='ltr'><strong>parentis</strong></span> <span class='ocrx_word' id='word_1_175' title='bbox 579 2609 713 2682; x_wconf 78' lang='lat' dir='ltr'><strong>mortuos,</strong></span> <span class='ocrx_word' id='word_1_176' title='bbox 736 2603 891 2670; x_wconf 72' lang='lat' dir='ltr'><strong>adeuntem</strong></span> <span class='ocrx_word' id='word_1_177' title='bbox 904 2602 979 2674; x_wconf 81' lang='lat' dir='ltr'><strong>regis</strong></span> <span class='ocrx_word' id='word_1_178' title='bbox 994 2601 1137 2672; x_wconf 84' lang='lat' dir='ltr'><strong>ceciderit,</strong></span> <span class='ocrx_word' id='word_1_179' title='bbox 1161 2608 1188 2659; x_wconf 95' lang='lat' dir='ltr'><strong>et</strong></span> <span class='ocrx_word' id='word_1_180' title='bbox 1206 2608 1284 2676; x_wconf 89' lang='lat' dir='ltr'><strong>pater</strong></span> 
     </span>
     <span class='ocr_line' id='line_1_22' title="bbox 223 2699 1284 2774; baseline 0.003 -19"><span class='ocrx_word' id='word_1_181' title='bbox 223 2699 266 2755; x_wconf 85' lang='lat' dir='ltr'><strong>rel</strong></span> <span class='ocrx_word' id='word_1_182' title='bbox 287 2699 371 2757; x_wconf 85' lang='lat' dir='ltr'><strong>irater</strong></span> <span class='ocrx_word' id='word_1_183' title='bbox 391 2701 513 2757; x_wconf 84' lang='lat' dir='ltr'><strong>devitum</strong></span> <span class='ocrx_word' id='word_1_184' title='bbox 535 2699 694 2772; x_wconf 86' lang='lat' dir='ltr'><strong>demiserit,</strong></span> <span class='ocrx_word' id='word_1_185' title='bbox 722 2701 751 2758; x_wconf 94' lang='lat' dir='ltr'><strong>in</strong></span> <span class='ocrx_word' id='word_1_186' title='bbox 779 2701 871 2774; x_wconf 90' lang='lat' dir='ltr'><strong>quoda</strong></span> <span class='ocrx_word' id='word_1_187' title='bbox 892 2701 1052 2774; x_wconf 92' lang='lat' dir='ltr'><strong>portionem</strong></span> <span class='ocrx_word' id='word_1_188' title='bbox 1073 2700 1144 2773; x_wconf 86' lang='lat' dir='ltr'><strong>patri</strong></span> <span class='ocrx_word' id='word_1_189' title='bbox 1167 2701 1207 2757; x_wconf 86' lang='lat' dir='ltr'><strong>rel</strong></span> <span class='ocrx_word' id='word_1_190' title='bbox 1230 2701 1284 2758; x_wconf 88' lang='lat' dir='ltr'><strong>ira·</strong></span> 
     </span>
     <span class='ocr_line' id='line_1_23' title="bbox 221 2796 1284 2882; baseline 0.009 -30"><span class='ocrx_word' id='word_1_191' title='bbox 221 2796 270 2854; x_wconf 83' lang='lat' dir='ltr'><strong>tris</strong></span> <span class='ocrx_word' id='word_1_192' title='bbox 292 2797 402 2854; x_wconf 81' lang='lat' dir='ltr'><strong>heredis</strong></span> <span class='ocrx_word' id='word_1_193' title='bbox 422 2801 595 2882; x_wconf 74' lang='lat' dir='ltr'><strong>successerit,</strong></span> <span class='ocrx_word' id='word_1_194' title='bbox 618 2799 656 2860; x_wconf 82' lang='lat' dir='ltr'><strong>ita</strong></span> <span class='ocrx_word' id='word_1_195' title='bbox 670 2805 701 2859; x_wconf 85' lang='lat' dir='ltr'><strong>et</strong></span> <span class='ocrx_word' id='word_1_196' title='bbox 721 2799 844 2865; x_wconf 81' lang='lat' dir='ltr'><strong>devitum</strong></span> <span class='ocrx_word' id='word_1_197' title='bbox 864 2799 1013 2871; x_wconf 82' lang='lat' dir='ltr'><strong>penetrat.</strong></span> <span class='ocrx_word' id='word_1_198' title='bbox 1038 2797 1128 2862; x_wconf 75' lang='lat' dir='ltr'><strong>Simili</strong></span> <span class='ocrx_word' id='word_1_199' title='bbox 1149 2798 1234 2855; x_wconf 86' lang='lat' dir='ltr'><strong>modo</strong></span> <span class='ocrx_word' id='word_1_200' title='bbox 1256 2804 1284 2855; x_wconf 85' lang='lat' dir='ltr'><strong>et</strong></span> 
     </span>
     <span class='ocr_line' id='line_1_24' title="bbox 207 2894 617 2958; baseline 0 -7"><span class='ocrx_word' id='word_1_201' title='bbox 207 2894 246 2958; x_wconf 74' lang='lat' dir='ltr'><strong>vsi</strong></span> <span class='ocrx_word' id='word_1_202' title='bbox 267 2896 405 2952; x_wconf 88' lang='lat' dir='ltr'><strong>naturales</strong></span> <span class='ocrx_word' id='word_1_203' title='bbox 426 2895 476 2952; x_wconf 88' lang='lat' dir='ltr'><strong>lilii</strong></span> <span class='ocrx_word' id='word_1_204' title='bbox 498 2895 617 2953; x_wconf 88' lang='lat' dir='ltr'><strong>luerent.</strong></span> 
     </span>
    </p>
   </div>
   <div class='ocr_carea' id='block_1_7' title="bbox 221 3009 1283 4558">
    <p class='ocr_par' dir='ltr' id='par_1_7' title="bbox 221 3009 1283 4558">
     <span class='ocr_line' id='line_1_25' title="bbox 300 3009 1281 3084; baseline -0.002 -16"><span class='ocrx_word' id='word_1_205' title='bbox 300 3011 389 3068; x_wconf 74' lang='lat'><strong>886.</strong></span> <span class='ocrx_word' id='word_1_206' title='bbox 433 3011 573 3069; x_wconf 80' lang='lat' dir='ltr'><strong>Preseutis</strong></span> <span class='ocrx_word' id='word_1_207' title='bbox 593 3027 658 3068; x_wconf 83' lang='lat' dir='ltr'><strong>vero</strong></span> <span class='ocrx_word' id='word_1_208' title='bbox 681 3009 871 3084; x_wconf 85' lang='lat' dir='ltr'><strong>dispositionis</strong></span> <span class='ocrx_word' id='word_1_209' title='bbox 892 3015 1004 3066; x_wconf 88' lang='lat' dir='ltr'><strong>nostrae</strong></span> <span class='ocrx_word' id='word_1_210' title='bbox 1022 3009 1163 3079; x_wconf 84' lang='lat' dir='ltr'><strong>Edictum,</strong></span> <span class='ocrx_word' id='word_1_211' title='bbox 1186 3025 1281 3082; x_wconf 87' lang='lat' dir='ltr'><strong>quem,</strong></span> 
     </span>
     <span class='ocr_line' id='line_1_26' title="bbox 222 3107 1282 3182; baseline -0.001 -19"><span class='ocrx_word' id='word_1_212' title='bbox 222 3108 282 3164; x_wconf 86' lang='lat' dir='ltr'><strong>Deo</strong></span> <span class='ocrx_word' id='word_1_213' title='bbox 303 3108 443 3182; x_wconf 90' lang='lat' dir='ltr'><strong>propitio,</strong></span> <span class='ocrx_word' id='word_1_214' title='bbox 476 3123 539 3166; x_wconf 92' lang='lat' dir='ltr'><strong>cum</strong></span> <span class='ocrx_word' id='word_1_215' title='bbox 560 3125 668 3166; x_wconf 91' lang='lat' dir='ltr'><strong>summo</strong></span> <span class='ocrx_word' id='word_1_216' title='bbox 690 3107 782 3164; x_wconf 87' lang='lat' dir='ltr'><strong>studio</strong></span> <span class='ocrx_word' id='word_1_217' title='bbox 804 3116 831 3164; x_wconf 89' lang='lat' dir='ltr'><strong>et</strong></span> <span class='ocrx_word' id='word_1_218' title='bbox 858 3109 972 3166; x_wconf 89' lang='lat' dir='ltr'><strong>summis</strong></span> <span class='ocrx_word' id='word_1_219' title='bbox 993 3107 1130 3179; x_wconf 72' lang='lat' dir='ltr'><strong>vigiliis&#39;n</strong></span> <span class='ocrx_word' id='word_1_220' title='bbox 1153 3108 1282 3165; x_wconf 87' lang='lat' dir='ltr'><strong>celestem</strong></span> 
     </span>
     <span class='ocr_line' id='line_1_27' title="bbox 223 3205 1282 3280; baseline -0.001 -17"><span class='ocrx_word' id='word_1_221' title='bbox 223 3205 347 3263; x_wconf 86' lang='lat' dir='ltr'><strong>laborem</strong></span> <span class='ocrx_word' id='word_1_222' title='bbox 367 3206 514 3279; x_wconf 89' lang='lat' dir='ltr'><strong>prestetis,</strong></span> <span class='ocrx_word' id='word_1_223' title='bbox 545 3207 718 3280; x_wconf 89' lang='lat' dir='ltr'><strong>inquirentes</strong></span> <span class='ocrx_word' id='word_1_224' title='bbox 747 3212 774 3262; x_wconf 90' lang='lat' dir='ltr'><strong>et</strong></span> <span class='ocrx_word' id='word_1_225' title='bbox 803 3212 1024 3262; x_wconf 86' lang='lat' dir='ltr'><strong>rememorantes</strong></span> <span class='ocrx_word' id='word_1_226' title='bbox 1053 3205 1183 3278; x_wconf 88' lang='lat' dir='ltr'><strong>antiquas</strong></span> <span class='ocrx_word' id='word_1_227' title='bbox 1198 3217 1199 3220; x_wconf 75' lang='grc'>’</span> <span class='ocrx_word' id='word_1_228' title='bbox 1213 3205 1282 3276; x_wconf 88' lang='lat' dir='ltr'><strong>legis</strong></span> 
     </span>
     <span class='ocr_line' id='line_1_28' title="bbox 222 3303 1281 3378; baseline -0.002 -16"><span class='ocrx_word' id='word_1_229' title='bbox 222 3311 331 3376; x_wconf 81' lang='lat' dir='ltr'><strong>patrum</strong></span> <span class='ocrx_word' id='word_1_230' title='bbox 348 3311 508 3366; x_wconf 81' lang='lat' dir='ltr'><strong>trostrorum</strong></span> <span class='ocrx_word' id='word_1_231' title='bbox 529 3321 602 3378; x_wconf 87' lang='lat' dir='ltr'><strong>quae</strong></span> <span class='ocrx_word' id='word_1_232' title='bbox 621 3305 725 3378; x_wconf 87' lang='lat' dir='ltr'><strong>scripte</strong></span> <span class='ocrx_word' id='word_1_233' title='bbox 746 3321 804 3361; x_wconf 88' lang='lat' dir='ltr'><strong>non</strong></span> <span class='ocrx_word' id='word_1_234' title='bbox 822 3313 912 3374; x_wconf 88' lang='lat' dir='ltr'><strong>erant,</strong></span> <span class='ocrx_word' id='word_1_235' title='bbox 935 3303 1134 3369; x_wconf 75' lang='lat' dir='ltr'><strong>condedimuee</strong></span> <span class='ocrx_word' id='word_1_236' title='bbox 1154 3311 1186 3360; x_wconf 73' lang='lat' dir='ltr'><strong>‘et</strong></span> <span class='ocrx_word' id='word_1_237' title='bbox 1205 3305 1281 3377; x_wconf 93' lang='lat' dir='ltr'><strong>qnod</strong></span> 
     </span>
     <span class='ocr_line' id='line_1_29' title="bbox 222 3401 1282 3476; baseline -0.001 -16"><span class='ocrx_word' id='word_1_238' title='bbox 222 3417 273 3476; x_wconf 90' lang='lat' dir='ltr'><strong>pro</strong></span> <span class='ocrx_word' id='word_1_239' title='bbox 293 3419 442 3462; x_wconf 86' lang='lat' dir='ltr'><strong>commune</strong></span> <span class='ocrx_word' id='word_1_240' title='bbox 465 3402 590 3461; x_wconf 91' lang='lat' dir='ltr'><strong>omnium</strong></span> <span class='ocrx_word' id='word_1_241' title='bbox 612 3403 702 3475; x_wconf 88' lang='lat' dir='ltr'><strong>gentis</strong></span> <span class='ocrx_word' id='word_1_242' title='bbox 725 3409 819 3460; x_wconf 81' lang='lat' dir='ltr'><strong>nostre</strong></span> <span class='ocrx_word' id='word_1_243' title='bbox 840 3401 1004 3459; x_wconf 85' lang='lat' dir='ltr'><strong>utilitatibus</strong></span> <span class='ocrx_word' id='word_1_244' title='bbox 1025 3402 1193 3475; x_wconf 88' lang='lat' dir='ltr'><strong>expediunt,</strong></span> <span class='ocrx_word' id='word_1_245' title='bbox 1222 3402 1282 3475; x_wconf 89' lang='lat' dir='ltr'><strong>pari</strong></span> 
     </span>
     <span class='ocr_line' id='line_1_30' title="bbox 222 3499 1283 3574; baseline 0 -18"><span class='ocrx_word' id='word_1_246' title='bbox 222 3499 340 3558; x_wconf 91' lang='lat' dir='ltr'><strong>consitio</strong></span> <span class='ocrx_word' id='word_1_247' title='bbox 361 3501 533 3574; x_wconf 82' lang='lat' dir='ltr'><strong>conperique</strong></span> <span class='ocrx_word' id='word_1_248' title='bbox 554 3516 741 3570; x_wconf 87' lang='lat' dir='ltr'><strong>consensum,</strong></span> <span class='ocrx_word' id='word_1_249' title='bbox 764 3515 827 3557; x_wconf 89' lang='lat' dir='ltr'><strong>cum</strong></span> <span class='ocrx_word' id='word_1_250' title='bbox 849 3501 1000 3574; x_wconf 87' lang='lat' dir='ltr'><strong>primatus,</strong></span> <span class='ocrx_word' id='word_1_251' title='bbox 1019 3500 1145 3574; x_wconf 85' lang='lat' dir='ltr'><strong>judices,</strong></span> <span class='ocrx_word' id='word_1_252' title='bbox 1168 3507 1283 3558; x_wconf 77' lang='lat' dir='ltr'><strong>ounoto·</strong></span> 
     </span>
     <span class='ocr_line' id='line_1_31' title="bbox 223 3597 1281 3670; baseline -0.007 -10"><span class='ocrx_word' id='word_1_253' title='bbox 223 3614 278 3670; x_wconf 78' lang='lat' dir='ltr'><strong>que</strong></span> <span class='ocrx_word' id='word_1_254' title='bbox 297 3597 487 3656; x_wconf 76' lang='lat' dir='ltr'><strong>felicissimum</strong></span> <span class='ocrx_word' id='word_1_255' title='bbox 508 3599 659 3656; x_wconf 87' lang='lat' dir='ltr'><strong>exercitum</strong></span> <span class='ocrx_word' id='word_1_256' title='bbox 682 3604 827 3664; x_wconf 88' lang='lat' dir='ltr'><strong>nostrum,</strong></span> <span class='ocrx_word' id='word_1_257' title='bbox 858 3597 986 3669; x_wconf 83' lang='lat' dir='ltr'><strong>eugentis</strong></span> <span class='ocrx_word' id='word_1_258' title='bbox 1006 3597 1220 3668; x_wconf 88' lang='lat' dir='ltr'><strong>constituimus,</strong></span> <span class='ocrx_word' id='word_1_259' title='bbox 1252 3598 1281 3654; x_wconf 94' lang='lat' dir='ltr'><strong>in</strong></span> 
     </span>
     <span class='ocr_line' id='line_1_32' title="bbox 222 3695 1282 3770; baseline 0 -18"><span class='ocrx_word' id='word_1_260' title='bbox 222 3696 276 3752; x_wconf 91' lang='lat' dir='ltr'><strong>hoc</strong></span> <span class='ocrx_word' id='word_1_261' title='bbox 303 3697 497 3757; x_wconf 85' lang='lat' dir='ltr'><strong>membranum</strong></span> <span class='ocrx_word' id='word_1_262' title='bbox 523 3697 646 3754; x_wconf 90' lang='lat' dir='ltr'><strong>scribere</strong></span> <span class='ocrx_word' id='word_1_263' title='bbox 672 3696 806 3769; x_wconf 84' lang='lat' dir='ltr'><strong>jussimus</strong></span> <span class='ocrx_word' id='word_1_264' title='bbox 834 3703 1044 3770; x_wconf 84' lang='lat' dir='ltr'><strong>pertractantes.</strong></span> <span class='ocrx_word' id='word_1_265' title='bbox 1086 3697 1122 3754; x_wconf 84' lang='lat' dir='ltr'><strong>Et</strong></span> <span class='ocrx_word' id='word_1_266' title='bbox 1149 3697 1200 3753; x_wconf 90' lang='lat' dir='ltr'><strong>sub</strong></span> <span class='ocrx_word' id='word_1_267' title='bbox 1228 3695 1282 3752; x_wconf 91' lang='lat' dir='ltr'><strong>boc</strong></span> 
     </span>
     <span class='ocr_line' id='line_1_33' title="bbox 223 3777 1282 3868; baseline 0.006 -16"><span class='ocrx_word' id='word_1_268' title='bbox 223 3801 315 3853; x_wconf 81' lang='lat' dir='ltr'><strong>tumen</strong></span> <span class='ocrx_word' id='word_1_269' title='bbox 336 3794 457 3867; x_wconf 80' lang='lat' dir='ltr'><strong>capitulo</strong></span> <span class='ocrx_word' id='word_1_270' title='bbox 479 3801 667 3864; x_wconf 86' lang='lat' dir='ltr'><strong>reservantes,</strong></span> <span class='ocrx_word' id='word_1_271' title='bbox 691 3802 722 3851; x_wconf 89' lang='lat' dir='ltr'><strong>ut</strong></span> <span class='ocrx_word' id='word_1_272' title='bbox 741 3777 817 3868; x_wconf 84' lang='lat' dir='ltr'><strong>qnod</strong></span> <span class='ocrx_word' id='word_1_273' title='bbox 838 3793 943 3863; x_wconf 87' lang='lat' dir='ltr'><strong>adbuc,</strong></span> <span class='ocrx_word' id='word_1_274' title='bbox 967 3803 1137 3854; x_wconf 86' lang='lat' dir='ltr'><strong>annuentem</strong></span> <span class='ocrx_word' id='word_1_275' title='bbox 1159 3795 1282 3858; x_wconf 84' lang='lat' dir='ltr'><strong>divinam</strong></span> 
     </span>
     <span class='ocr_line' id='line_1_34' title="bbox 223 3893 1282 3968; baseline -0.001 -16"><span class='ocrx_word' id='word_1_276' title='bbox 223 3894 410 3964; x_wconf 85' lang='lat' dir='ltr'><strong>clementiam,</strong></span> <span class='ocrx_word' id='word_1_277' title='bbox 433 3909 484 3967; x_wconf 92' lang='lat' dir='ltr'><strong>per</strong></span> <span class='ocrx_word' id='word_1_278' title='bbox 506 3895 635 3966; x_wconf 89' lang='lat' dir='ltr'><strong>suptilem</strong></span> <span class='ocrx_word' id='word_1_279' title='bbox 659 3893 872 3968; x_wconf 88' lang='lat' dir='ltr'><strong>inquisitionem</strong></span> <span class='ocrx_word' id='word_1_280' title='bbox 893 3893 929 3950; x_wconf 90' lang='lat' dir='ltr'><strong>de</strong></span> <span class='ocrx_word' id='word_1_281' title='bbox 950 3894 1077 3967; x_wconf 85' lang='lat' dir='ltr'><strong>antiquas</strong></span> <span class='ocrx_word' id='word_1_282' title='bbox 1090 3893 1159 3964; x_wconf 90' lang='lat' dir='ltr'><strong>legis</strong></span> <span class='ocrx_word' id='word_1_283' title='bbox 1174 3895 1282 3965; x_wconf 85' lang='lat' dir='ltr'><strong>Laugo-</strong></span> 
     </span>
     <span class='ocr_line' id='line_1_35' title="bbox 223 3991 1282 4065; baseline -0.001 -14"><span class='ocrx_word' id='word_1_284' title='bbox 223 3991 374 4052; x_wconf 89' lang='lat' dir='ltr'><strong>bardorum</strong></span> <span class='ocrx_word' id='word_1_285' title='bbox 388 3999 508 4063; x_wconf 84' lang='lat' dir='ltr'><strong>temper</strong></span> <span class='ocrx_word' id='word_1_286' title='bbox 530 3993 717 4064; x_wconf 89' lang='lat' dir='ltr'><strong>nosmetipsos</strong></span> <span class='ocrx_word' id='word_1_287' title='bbox 738 4008 821 4064; x_wconf 91' lang='lat' dir='ltr'><strong>quam</strong></span> <span class='ocrx_word' id='word_1_288' title='bbox 841 4007 893 4064; x_wconf 87' lang='lat' dir='ltr'><strong>per</strong></span> <span class='ocrx_word' id='word_1_289' title='bbox 909 3992 1039 4064; x_wconf 89' lang='lat' dir='ltr'><strong>antiquos</strong></span> <span class='ocrx_word' id='word_1_290' title='bbox 1055 4006 1211 4049; x_wconf 87' lang='lat' dir='ltr'><strong>memorare</strong></span> <span class='ocrx_word' id='word_1_291' title='bbox 1232 4008 1282 4065; x_wconf 87' lang='lat' dir='ltr'><strong>po-</strong></span> 
     </span>
     <span class='ocr_line' id='line_1_36' title="bbox 222 4089 1281 4163; baseline 0 -15"><span class='ocrx_word' id='word_1_292' title='bbox 222 4096 373 4161; x_wconf 87' lang='lat' dir='ltr'><strong>tueremus,</strong></span> <span class='ocrx_word' id='word_1_293' title='bbox 397 4089 426 4146; x_wconf 89' lang='lat' dir='ltr'><strong>in</strong></span> <span class='ocrx_word' id='word_1_294' title='bbox 447 4089 502 4146; x_wconf 92' lang='lat' dir='ltr'><strong>hoc</strong></span> <span class='ocrx_word' id='word_1_295' title='bbox 523 4089 653 4148; x_wconf 88' lang='lat' dir='ltr'><strong>Edictum</strong></span> <span class='ocrx_word' id='word_1_296' title='bbox 673 4090 842 4162; x_wconf 85' lang='lat' dir='ltr'><strong>subjungere</strong></span> <span class='ocrx_word' id='word_1_297' title='bbox 863 4090 1013 4147; x_wconf 84' lang='lat' dir='ltr'><strong>dereamue</strong></span> <span class='ocrx_word' id='word_1_298' title='bbox 1032 4089 1183 4159; x_wconf 82' lang='lat' dir='ltr'><strong>addentes,</strong></span> <span class='ocrx_word' id='word_1_299' title='bbox 1211 4090 1281 4163; x_wconf 92' lang='lat' dir='ltr'><strong>quin</strong></span> 
     </span>
     <span class='ocr_line' id='line_1_37' title="bbox 222 4187 1279 4261; baseline 0 -15"><span class='ocrx_word' id='word_1_300' title='bbox 222 4189 306 4246; x_wconf 90' lang='lat' dir='ltr'><strong>etiam</strong></span> <span class='ocrx_word' id='word_1_301' title='bbox 326 4195 354 4244; x_wconf 89' lang='lat' dir='ltr'><strong>et</strong></span> <span class='ocrx_word' id='word_1_302' title='bbox 374 4204 424 4261; x_wconf 90' lang='lat' dir='ltr'><strong>per</strong></span> <span class='ocrx_word' id='word_1_303' title='bbox 444 4187 601 4258; x_wconf 85' lang='lat' dir='ltr'><strong>gairetbinx</strong></span> <span class='ocrx_word' id='word_1_304' title='bbox 613 4189 736 4247; x_wconf 89' lang='lat' dir='ltr'><strong>secondo</strong></span> <span class='ocrx_word' id='word_1_305' title='bbox 756 4188 825 4245; x_wconf 90' lang='lat' dir='ltr'><strong>ritus</strong></span> <span class='ocrx_word' id='word_1_306' title='bbox 842 4194 941 4259; x_wconf 89' lang='lat' dir='ltr'><strong>gentes</strong></span> <span class='ocrx_word' id='word_1_307' title='bbox 959 4195 1054 4244; x_wconf 87' lang='lat' dir='ltr'><strong>nostre</strong></span> <span class='ocrx_word' id='word_1_308' title='bbox 1071 4188 1279 4261; x_wconf 84' lang='lat' dir='ltr'><strong>confirmantes,</strong></span> 
     </span>
     <span class='ocr_line' id='line_1_38' title="bbox 221 4284 1282 4361; baseline 0.002 -16"><span class='ocrx_word' id='word_1_309' title='bbox 221 4293 252 4347; x_wconf 89' lang='lat' dir='ltr'><strong>nt</strong></span> <span class='ocrx_word' id='word_1_310' title='bbox 272 4287 312 4346; x_wconf 89' lang='lat' dir='ltr'><strong>sio</strong></span> <span class='ocrx_word' id='word_1_311' title='bbox 332 4288 401 4344; x_wconf 88' lang='lat' dir='ltr'><strong>baec</strong></span> <span class='ocrx_word' id='word_1_312' title='bbox 421 4290 466 4344; x_wconf 86' lang='lat' dir='ltr'><strong>lex</strong></span> <span class='ocrx_word' id='word_1_313' title='bbox 487 4287 567 4346; x_wconf 88' lang='lat' dir='ltr'><strong>firma</strong></span> <span class='ocrx_word' id='word_1_314' title='bbox 587 4295 615 4344; x_wconf 91' lang='lat' dir='ltr'><strong>et</strong></span> <span class='ocrx_word' id='word_1_315' title='bbox 635 4288 765 4346; x_wconf 85' lang='lat' dir='ltr'><strong>stabelis:</strong></span> <span class='ocrx_word' id='word_1_316' title='bbox 797 4287 927 4361; x_wconf 87' lang='lat' dir='ltr'><strong>quatinus</strong></span> <span class='ocrx_word' id='word_1_317' title='bbox 949 4286 1050 4344; x_wconf 88' lang='lat' dir='ltr'><strong>nostris</strong></span> <span class='ocrx_word' id='word_1_318' title='bbox 1072 4284 1232 4344; x_wconf 86' lang='lat' dir='ltr'><strong>filicissimis</strong></span> <span class='ocrx_word' id='word_1_319' title='bbox 1254 4295 1282 4348; x_wconf 88' lang='lat' dir='ltr'><strong>et</strong></span> 
     </span>
     <span class='ocr_line' id='line_1_39' title="bbox 223 4384 1281 4457; baseline 0.002 -15"><span class='ocrx_word' id='word_1_320' title='bbox 223 4385 320 4445; x_wconf 86' lang='lat' dir='ltr'><strong>luturis</strong></span> <span class='ocrx_word' id='word_1_321' title='bbox 348 4384 519 4457; x_wconf 90' lang='lat' dir='ltr'><strong>temporibus</strong></span> <span class='ocrx_word' id='word_1_322' title='bbox 550 4385 667 4445; x_wconf 84' lang='lat' dir='ltr'><strong>tirmiter</strong></span> <span class='ocrx_word' id='word_1_323' title='bbox 696 4393 725 4444; x_wconf 90' lang='lat' dir='ltr'><strong>et</strong></span> <span class='ocrx_word' id='word_1_324' title='bbox 744 4385 943 4449; x_wconf 80' lang='lat' dir='ltr'><strong>inuiolabiliter</strong></span> <span class='ocrx_word' id='word_1_325' title='bbox 971 4385 1007 4443; x_wconf 86' lang='lat' dir='ltr'><strong>ab</strong></span> <span class='ocrx_word' id='word_1_326' title='bbox 1028 4384 1159 4443; x_wconf 90' lang='lat' dir='ltr'><strong>omnibus</strong></span> <span class='ocrx_word' id='word_1_327' title='bbox 1179 4386 1281 4444; x_wconf 88' lang='lat' dir='ltr'><strong>nostris</strong></span> 
     </span>
     <span class='ocr_line' id='line_1_40' title="bbox 222 4483 553 4558; baseline 0.012 -18"><span class='ocrx_word' id='word_1_328' title='bbox 222 4483 352 4558; x_wconf 83' lang='lat' dir='ltr'><strong>subjectis</strong></span> <span class='ocrx_word' id='word_1_329' title='bbox 373 4483 553 4546; x_wconf 85' lang='lat' dir='ltr'><strong>costodiatnr.</strong></span> 
     </span>
    </p>
   </div>
   <div class='ocr_carea' id='block_1_8' title="bbox 0 0 1528 5130">
    <p class='ocr_par' dir='ltr' id='par_1_8' title="bbox 0 0 1528 5130">
     <span class='ocr_line' id='line_1_41' title="bbox 0 0 1528 5130; baseline 0 0"><span class='ocrx_word' id='word_1_330' title='bbox 0 0 1528 5130; x_wconf 95' lang='lat' dir='ltr'><strong> </strong></span> 
     </span>
    </p>
   </div>
  </div>
 </body>
</html>
