3022 5144
292 502 333 563 10

289 679 428 760 antiquo,
455 679 508 761 qui
532 677 619 741 Pauli
641 676 857 760 experimento
881 675 961 740 iacto
992 677 1024 738 in
1048 677 1147 740 Gallie
1171 677 1297 759 Belgica

290 791 405 873 oppidu
434 790 637 856 Touis-Villa
672 787 880 874 (uincent)
905 789 981 852 mire
1011 789 1174 877 convenit3
1207 788 1300 852 huius

291 905 397 985 oppidi
424 904 530 977 enim,
568 923 636 964 cnm
666 903 796 965 altitudo
825 903 889 983 poli
905 903 952 992 sit
975 904 1123 984 graduum
1150 903 1215 962 t90
1242 902 1296 970 26,
1357 937 1362 948 ·

279 1017 361 1079 data
384 1016 575 1096 proiectione
599 1016 727 1077 umbrae
746 1014 902 1096 praedicta
921 1014 984 1086 dia,
1010 1015 1218 1097 ammissaque
1242 1015 1300 1098 hy-

291 1130 412 1212 pothesi
435 1137 593 1192 auctorem
616 1147 705 1190 nsum
730 1147 798 1189 esse
830 1129 941 1190 eodem
969 1127 1069 1208 pede,
1092 1127 1298 1189 'habebimus

291 1241 427 1307 bominis
456 1241 564 1304 stantis
588 1239 783 1302 altitudinem
805 1258 1003 1302 romanorum
1035 1239 1150 1320 pedum
1173 1259 1206 1301 rr
1230 1241 1298 1302 etti-

292 1353 438 1418 cientium
463 1353 621 1426 metricae,
647 1353 692 1414 uti
716 1361 839 1426 vocant,
866 1348 1029 1414 mensurate
1056 1353 1149 1418 1277:
1184 1361 1301 1415 statura

215 1516 217 1524 ,
292 1468 459 1548 praecipua
488 1464 631 1548 quidem,
664 1485 726 1528 non
758 1473 861 1528 autem
892 1464 1053 1532 immanis,
1082 1483 1154 1526 nam
1177 1465 1300 1545 Lango-

293 1577 405 1642 bardos
436 1578 579 1642 bomines
610 1597 741 1660 corpora
770 1579 831 1640 alta
864 1585 896 1638 et
924 1576 1027 1640 valida
1058 1576 1222 1645 habuisse,
1267 1585 1301 1638 ut

293 1690 438 1752 Germani
461 1711 582 1764 omues,
608 1691 682 1754 setis
706 1697 897 1773 compertum
915 1698 995 1774 est„
1014 1689 1133 1771 itaque,
1161 1690 1187 1750 si
1204 1689 1299 1752 Paulo

291 1803 369 1866 fides
399 1805 518 1878 danda,
553 1813 618 1865 tunt
649 1823 720 1866 cum
753 1805 791 1865 de
823 1803 1038 1884 experimento
1062 1802 1200 1885 loquitur
1222 1823 1239 1866 a
1265 1821 1299 1866 se

291 1917 360 1998 ipso
382 1917 533 1995 instituto,
560 1916 696 1998 vulgaris
719 1935 793 1977 vero
817 1915 964 1978 Italorum
986 1916 1111 1980 traditio
1131 1915 1300 1978 reiicienda

292 2029 347 2096 sit,
373 2037 446 2092 tunc
478 2030 566 2091 nobis
589 2035 781 2110 compertum
806 2028 865 2090 erit
888 2027 990 2090 Caroli
1014 2029 1118 2110 Magni
1145 2047 1224 2103 aero
1247 2049 1302 2090 vc-¹

291 2151 389 2205 terem
413 2143 621 2204 Romanorum
645 2141 755 2222 pedem
779 2141 881 2204 adbuc
904 2141 935 2204 in
961 2161 1049 2203 usum
1072 2140 1176 2206 fnisse.
1227 2141 1300 2202 Ani-

290 2254 547 2318 madvertendum
569 2254 644 2316 itam
669 2263 730 2334 est,
765 2253 914 2316 barbaras
942 2263 1051 2335 gentos
1072 2254 1212 2316 omnium
1236 2253 1300 2315 dis·

291 2367 475 2449 ciplinarum
510 2367 601 2428 rudes
631 2365 681 2428 vel
711 2365 814 2447 potius
837 2366 976 2449 ignaras,
1015 2383 1175 2429 mensuras
1198 2385 1216 2428 a
1239 2367 1300 2428 Ru-

291 2480 390 2542 manis
413 2479 591 2542 necessario
607 2479 795 2553 obtinuisse;
823 2479 996 2541 mirandum
1015 2487 1119 2541 tamen
1135 2497 1297 2551 noneste,

292 2593 371 2654 siin
395 2601 481 2656 tanta
503 2565 607 2655 rerum
631 2592 892 2674 scientiarumque
913 2591 1037 2654 iactura
1060 2589 1195 2654 artifices
1218 2611 1297 2672 quo-

287 2726 354 2787 ique
376 2706 492 2787 aliquid
516 2725 626 2768 evera
646 2705 773 2786 antiqua
797 2721 941 2767 mensura
959 2703 1156 2770 recesserint.
1195 2711 1228 2766 et
1245 2723 1301 2784 pes

291 2816 344 2878 iile
368 2827 457 2880 vetus
480 2817 711 2898 corruptionem
734 2817 783 2880 vel
808 2817 965 2880 minimam
989 2813 1027 2879 sit
1050 2835 1167 2898 passus

379 2929 471 2991 Cuius
495 2929 668 3010 argumenti
691 2929 826 2990 maxima
850 2917 1068 3009 probabilitate
1091 2929 1214 3002 ductus,
1246 2947 1296 2989 ro·
1386 2973 1389 2981 .

188 3046 191 3054 '
292 3045 374 3106 mani
398 3044 487 3125 pedis
511 3041 652 3104 notitiam
676 3050 707 3103 et
730 3061 818 3104 usum
842 3043 924 3122 apud
948 3041 1042 3103 Italos
1059 3050 1133 3104 tuuc
1151 3039 1302 3121 temporis

291 3157 402 3230 fuisse,
435 3155 667 3238 publicamque¹
684 3173 739 3216 seu
768 3153 846 3236 legis
870 3173 923 3216 seu
953 3154 1186 3216 consuetudinis
1209 3173 1300 3216 sanc·

295 3271 411 3332 tionem
440 3268 605 3341 habuisse,
632 3266 770 3329 fidenter
792 3267 965 3340 affirmabo,
1001 3275 1097 3348 atque
1129 3269 1168 3329 ad
1199 3287 1300 3330 meam

292 3355 499 3444 roborandam
521 3381 707 3443 sententiam
730 3399 810 3442 nova
834 3379 977 3442 adiiciam
1001 3381 1195 3447 documenta.
1288 3359 1290 3363 Ι

381 3494 545 3556 sexdecim
583 3493 684 3576 digitis
716 3494 878 3556 constabat
910 3513 966 3574 pes
996 3491 1070 3566 iiie,
1108 3513 1147 3554 ex
1189 3493 1300 3575 quibus

294 3607 456 3677 duodecim
482 3605 561 3690 (sive
582 3615 644 3669 tres
668 3626 707 3667 ex
731 3613 863 3688 quatuor
880 3606 1033 3697 partibus)
1059 3606 1301 3688 romanumpal-

183 3749 185 3754 ¹
293 3739 375 3781 mum
404 3718 588 3781 hodiernum
622 3721 810 3794 effecerunt3
850 3719 1066 3792 florentinum,
1099 3719 1143 3780 uti
1174 3727 1297 3790 vocant,

292 3832 452 3894 brachium
476 3832 553 3893 duos
578 3851 617 3892 ex
640 3829 727 3894 hisce
741 3831 872 3912 pedibus
896 3840 1055 3908 numerat3
1080 3848 1227 3894 romanus
1245 3849 1300 3912 pes

295 3945 459 4007 duodecim
482 3943 584 4026 digitis
608 3952 715 4006 anctus
740 3945 821 4023 (sive
844 3963 901 4026 pes
917 3952 1005 4007 vetus
1028 3944 1134 4006 addito
1148 3944 1302 4006 hodierno

292 4055 410 4140 palmo)
435 4058 698 4138 pedemontannm
720 4057 833 4137 pedem
857 4058 979 4138 gennit-3
1018 4077 1075 4138 pes
1101 4053 1301 4118 bononiensis

291 4169 389 4230 veteri
423 4170 495 4249 pedi
533 4170 630 4233 ferme
660 4177 812 4252 aequatur
844 4171 949 4233 addito
987 4170 1179 4252 quadrant03
1219 4187 1300 4250 quae

293 4282 439 4354 rationes,
466 4303 527 4344 non
548 4284 674 4364 quidem
690 4285 729 4346 ad
745 4303 879 4366 unguem
897 4293 1038 4366 exactae,
1068 4301 1177 4364 parum
1197 4289 1299 4344 tamm
