3048 5130
560 515 697 560 eorormr
720 515 786 563 cer.
803 511 843 556 reo
858 533 882 540 -
895 509 944 556 reu.
1229 501 1272 564 99

215 666 276 740 ejus
287 665 417 724 violentia
433 666 589 725 taciendam
603 666 765 724 coceineum
777 665 920 738 prebuerit
933 671 980 722 aut
994 667 1142 726 consilium
1153 669 1271 742 dederit,

217 772 246 822 et
267 773 413 837 provatur:
443 765 549 823 amittat
574 765 719 825 mundium
740 764 843 836 ipsius,
870 769 898 820 et
918 763 966 822 illa
987 772 1150 838 potestatem
1174 768 1275 826 habeat

218 863 254 920 de
276 864 343 920 dues
363 863 430 933 vias,
452 865 511 921 vult
529 864 706 936 adparentes
726 862 836 932 reverti,
859 864 916 920 vult
936 863 1091 920 adeuntem
1105 866 1189 938 regis,
1213 885 1275 924 eum

217 963 301 1019 rebus
321 962 378 1020 suis
391 963 521 1036 propriis,
545 981 615 1037 quae
633 965 743 1021 adeam
761 980 810 1035 per
824 964 915 1036 legem
931 966 1066 1038 conpetit,
1089 981 1118 1022 se
1134 979 1276 1022 commen-

218 1061 296 1126 dare,
319 1061 366 1134 qui
388 1061 534 1118 mundium
554 1061 613 1132 eJ'us
622 1067 785 1134 potestatem
807 1061 907 1119 debeat
928 1063 1041 1121 habere.
1073 1064 1110 1120 El
1129 1064 1152 1120 sl
1173 1063 1214 1120 vir
1228 1063 1275 1120 ille

217 1159 270 1216 ista
291 1159 396 1216 crimen
411 1159 562 1230 negaverit,
585 1161 675 1216 leceat
695 1175 759 1216 eum
780 1175 809 1214 se
828 1160 988 1232 pur'iligare‚
1011 1166 1038 1218 ct
1051 1161 1196 1218 mundium
1217 1162 1275 1234 ejus

219 1257 291 1314 siout
310 1257 406 1314 habuit
426 1257 530 1314 habere
551 1257 575 1314 si
595 1274 624 1313 se
645 1257 843 1329 puriligaverit.

298 1357 387 1413 199.
409 1354 461 1430 (De
482 1359 582 1412 eriam
602 1354 751 1430 adulterat.)
774 1356 804 1411 si
826 1355 887 1428 quis
908 1356 1054 1413 mundium
1075 1358 1111 1414 de
1132 1359 1223 1430 puella
1244 1357 1277 1414 li-

220 1471 283 1510 vera
303 1461 350 1510 aut
369 1455 515 1511 mulierem
536 1454 659 1524 habens,
690 1461 806 1526 excepto
828 1459 906 1526 pater
926 1460 972 1511 aut
992 1455 1095 1525 irater,
1122 1462 1151 1512 et
1170 1456 1276 1512 crimen

220 1551 246 1607 ei
268 1551 394 1624 injecerit
413 1552 490 1625 quod
510 1552 681 1621 adulterasit,
705 1551 811 1607 emittat
823 1551 968 1608 mundium
988 1552 1086 1624 ipsius,
1111 1561 1138 1609 el
1158 1554 1205 1611 illa
1227 1564 1277 1626 po·

220 1656 345 1706 testatem
365 1650 465 1707 habeat
485 1667 548 1706 cum
569 1650 651 1706 rebus
672 1649 728 1705 suis
747 1649 876 1721 propriis,
898 1650 956 1705 vult
975 1651 1011 1706 ad
1026 1651 1149 1722 parentia
1164 1652 1275 1719 reverti,

219 1748 276 1803 vult
296 1748 332 1804 ad
352 1754 457 1805 curtem
479 1747 551 1819 regis
572 1764 601 1804 se
622 1747 837 1812 commendare,
860 1745 909 1818 qui
929 1747 1075 1806 mundium
1097 1749 1156 1821 ejus
1175 1749 1205 1805 in
1226 1767 1279 1822 po·

220 1853 346 1902 testatem
367 1847 464 1902 deveat
484 1846 596 1905 habere.
638 1846 675 1902 Et
695 1845 718 1902 si
739 1845 781 1902 vir
800 1846 849 1902 ille
869 1845 922 1902 lroc
942 1846 1047 1903 crimen
1070 1847 1172 1918 dixisse
1193 1863 1278 1918 nega-

219 1944 299 2010 verit,
322 1945 411 2001 leeeat
431 1961 494 2002 eum
516 1961 545 2000 oe
560 1944 709 2016 puriligare
730 1943 753 2000 si
767 1943 899 2016 potuerit,
921 1951 949 2000 et
962 1944 1108 2003 mundium
1129 1945 1188 2018 ejus
1208 1946 1279 2004 sicut

220 2041 316 2100 habuit
336 2042 447 2102 habere.

299 2141 381 2199 199.
404 2138 459 2215 (lle
486 2143 588 2196 crimen
613 2137 757 2212 nefando.)
798 2139 828 2196 Si
856 2139 919 2212 quis·
947 2140 1093 2198 mundium
1123 2142 1158 2198 de
1186 2143 1279 2214 puella

220 2239 374 2295 liberarant
395 2238 541 2295 mulierem
562 2237 678 2302 habens,
702 2251 819 2310 eamque
840 2237 966 2307 strigam,
989 2239 1065 2312 quod
1086 2246 1127 2296 est
1146 2253 1277 2310 maccam,

221 2337 396 2406 clamaverit,
426 2343 543 2408 excepto
564 2342 643 2408 pater
663 2341 710 2392 aut
730 2335 828 2404 trater,
852 2335 958 2392 amittat
978 2336 1124 2394 mundium
1145 2337 1231 2410 ipsius
1251 2344 1282 2394 ut

220 2451 312 2507 snpra,
337 2440 365 2491 et
383 2434 432 2490 illa
453 2440 619 2507 potestatem
640 2434 740 2491 habeat
760 2434 818 2489 vult
838 2434 872 2489 ad
894 2441 1040 2507 parentes,
1063 2438 1120 2492 vult
1139 2436 1175 2493 ad
1196 2436 1280 2493 curtio

221 2533 281 2604 regi
303 2549 366 2589 eum
388 2533 470 2588 rebus
490 2533 546 2588 suis
566 2531 688 2604 propriis
709 2547 738 2588 se
759 2531 947 2601 comendare,
980 2532 1028 2605 qui
1054 2534 1200 2590 mundium
1221 2534 1280 2606 ejus

221 2630 323 2686 debeat
342 2630 454 2688 habere.
495 2630 532 2686 Et
552 2629 575 2685 si
597 2629 638 2686 vir
656 2629 703 2686 ille
725 2628 868 2700 negaverit
887 2629 941 2687 lucc
958 2630 1063 2687 crimen
1085 2649 1142 2688 nou
1159 2632 1278 2698 dixissit,

221 2731 308 2786 locent
329 2745 392 2785 eum
413 2743 443 2784 ve
464 2729 628 2801 purificare,
659 2734 688 2786 et
707 2727 854 2784 mundium
874 2727 945 2786 sicut
965 2729 1062 2787 habuit
1082 2731 1184 2788 habere
1205 2731 1227 2790 ai
1250 2746 1280 2787 ee

220 2827 416 2900 purificaverit.

301 2927 387 2984 198.
410 2923 461 2996 (lle
481 2925 633 2980 enimenin
650 2925 740 2994 puello
760 2925 905 2996 trejectum,
936 2927 984 2996 put
1009 2927 1041 2981 in
1067 2927 1179 2982 alteriue
1202 2943 1281 2983 mun·

223 3026 298 3080 dium
319 3022 380 3096 eet.)
402 3022 431 3078 Si
453 3021 515 3094 quis
533 3020 653 3093 puellam
671 3021 787 3078 liberam
808 3027 855 3078 aut
869 3021 1024 3092 mulierem,
1048 3021 1096 3094 qui
1117 3022 1145 3078 iu
1168 3024 1280 3098 alteriue

222 3122 369 3178 mundium
391 3126 442 3190 est,
465 3120 643 3176 fornicariam
664 3126 711 3177 aut
729 3121 842 3192 strigam
856 3120 1023 3190 clamaverit,
1046 3127 1075 3176 et
1092 3120 1213 3192 pulsatus
1234 3138 1282 3193 pe·

224 3220 315 3276 nitens
337 3219 572 3276 manelestaverit
588 3235 638 3290 per
663 3220 784 3276 sororem
806 3217 930 3284 dixissit,
964 3225 1030 3275 lunc
1058 3225 1168 3290 preveat
1192 3235 1283 3277 sacra·

223 3323 348 3375 mentum
369 3333 431 3373 eum
451 3317 600 3374 duodicem
627 3317 832 3374 sacramentalis
860 3333 944 3385 suos,
977 3317 1055 3390 quod
1081 3333 1131 3389 per
1160 3318 1282 3376 fororem

224 3417 284 3489 ipso
306 3415 428 3472 nelendo
449 3415 554 3472 crimen
577 3415 701 3483 dirimit,
734 3432 798 3472 nam
819 3431 877 3472 non
899 3414 934 3471 de
955 3421 1059 3471 certam
1085 3431 1195 3472 causam
1216 3433 1283 3488 cog-

150 3527 156 3540 ·
224 3515 357 3579 novissim
380 3521 446 3570 lunc
466 3529 517 3586 pro
539 3513 631 3586 ipsum
648 3529 748 3570 vanum
761 3513 916 3586 inproperii
935 3529 1103 3586 sermonem,
1127 3516 1204 3587 quod
1225 3532 1283 3572 non

224 3619 394 3668 convenerat
413 3611 501 3684 loqui,
525 3618 667 3684 conponat
680 3611 786 3670 solidos
796 3611 905 3682 viginti,
929 3604 1089 3686 etamplius
1110 3629 1166 3670 non
1179 3615 1283 3670 calom-

225 3711 325 3766 nietur.
369 3709 439 3766 Nam
459 3709 483 3765 si
504 3709 735 3782 perseveraverit,
760 3716 787 3766 et
807 3709 908 3766 dixerit
928 3727 958 3766 se
979 3727 1060 3784 posse
1082 3728 1196 3784 provare
1217 3719 1283 3767 tunc

225 3824 274 3881 per
295 3808 469 3880 camphionis
490 3824 571 3866 causa
592 3807 664 3881 ipsa,
693 3807 783 3865 idest
805 3825 854 3880 per
873 3825 1014 3882 pugnam,
1038 3810 1089 3866 Dei
1108 3808 1213 3882 judicio
1235 3809 1283 3864 de·

226 3913 373 3972 cornetum
405 3915 432 3962 et
453 3906 475 3962 si
497 3914 640 3979 provatum
662 3906 759 3977 luerit,
789 3907 837 3964 illa
858 3906 893 3963 sit
912 3906 1062 3980 culpavelie
1084 3907 1154 3963 sicut
1178 3905 1207 3961 in
1229 3905 1283 3962 hoc

224 4003 356 4062 Edictum
376 4003 495 4074 legitur:
518 4011 546 4062 et
561 4004 585 4062 si
601 4005 648 4062 ille
665 4005 713 4077 qui
729 4005 834 4062 crimen
855 4005 930 4063 misit
943 4021 1060 4079 provere
1076 4021 1133 4060 nou
1150 4003 1280 4076 potuerit,

225 4101 364 4174 widrigild
392 4102 478 4175 ipsius
508 4104 632 4162 mulieris
661 4105 815 4162 secundum
843 4105 986 4162 nationem
1016 4119 1094 4160 enam
1121 4115 1283 4176 conponere

226 4201 407 4274 conpellatur.

305 4301 393 4358 199.
422 4297 466 4372 (Si
484 4301 573 4356 oeduo
593 4303 729 4357 ie'domo
754 4303 843 4372 patric
870 4317 991 4374 regresso
1009 4297 1114 4374 suerit.)
1156 4296 1185 4356 Si
1207 4304 1286 4372 pater

226 4397 312 4454 liliam
334 4405 381 4455 aut
401 4398 485 4454 trater
505 4414 629 4456 sororem
650 4415 728 4455 suam
749 4399 785 4455 ad
804 4398 932 4454 maritum
947 4397 1064 4467 dederit,
1088 4406 1116 4454 et
1131 4398 1286 4469 contegerit

227 4511 306 4554 casus
326 4503 358 4563 ut
377 4496 424 4553 ille
445 4497 559 4554 maritus
580 4497 725 4567 moriatur,
748 4505 775 4554 et
795 4504 874 4570 pater
894 4503 941 4553 aut
961 4495 1045 4554 trater
1060 4495 1206 4554 mundium
1227 4496 1285 4570 ejus
