3048 5130
550 623 688 672 nurct'mr
711 619 908 676 causta-as.
1230 601 1272 667 69

216 777 338 847 neglexit
357 776 383 833 ei
405 777 452 850 qui
473 777 633 834 reclamavit
653 775 757 833 solidos
778 793 843 846 sex,
871 782 898 832 et
915 776 1003 850 judici
1025 793 1075 833 suo
1096 779 1201 838 solidos
1223 798 1274 839 nu-

215 892 292 932 mero
314 893 371 934 sex.
413 877 449 933 Et
479 876 502 932 si
524 876 585 934 talis
606 893 687 933 cause
711 875 793 931 inerit
814 891 897 948 quem
918 875 1073 932 deliberare
1095 894 1153 933 non
1174 880 1271 952 possit,

215 974 317 1044 diriget
337 990 384 1030 ens
406 974 477 1031 intra
498 991 547 1030 sex
562 975 622 1031 dies
640 975 674 1031 ad
686 975 811 1047 judicem
822 990 913 1044 suum,
935 975 1089 1030 secundum
1105 975 1273 1036 anteriorem

216 1073 357 1145 capitulo:
382 1089 447 1129 nam
466 1072 500 1141 si,
526 1074 644 1145 qualiter
664 1071 693 1128 in
715 1071 858 1144 superiore
877 1071 999 1144 capitulo
1020 1073 1198 1130 constitutum
1219 1083 1271 1146 est,

214 1169 273 1226 sibe
294 1171 433 1226 sculdahis
454 1170 513 1226 sibe
531 1171 618 1243 judex
640 1186 697 1227 non
719 1169 749 1226 in
770 1170 901 1226 omnibus
922 1171 1140 1242 conpleverent,
1168 1188 1274 1246 conpo-

216 1275 272 1337 nat,
296 1269 415 1340 qualiter
435 1285 517 1341 supra
538 1268 659 1325 adfixum
681 1274 732 1336 est,
754 1267 796 1322 ilii
819 1267 866 1339 qui
887 1284 998 1325 causam
1018 1284 1095 1325 suam
1115 1271 1275 1329 reclamavit

214 1365 319 1423 solidos
340 1381 404 1435 sex,
428 1372 455 1422 et
472 1366 559 1439 judici
580 1383 630 1423 suo
653 1367 758 1423 solidos
781 1381 898 1422 numero
919 1382 988 1432 serr
1018 1374 1046 1423 et
1064 1367 1151 1440 judex
1168 1385 1274 1442 conpo-

215 1470 262 1519 nat
281 1462 322 1519 nu
343 1464 421 1535 cujus
443 1480 525 1521 causa
552 1472 593 1521 est
613 1465 718 1521 solidus
740 1479 858 1520 numero
880 1463 1047 1536 duodecim,
1080 1473 1108 1522 et
1127 1467 1188 1538 regi
1208 1469 1275 1525 soli·

214 1561 266 1616 dos
286 1577 403 1617 numero
425 1577 470 1620 xx.

293 1654 408 1731 (Virri.)
451 1661 507 1717 81.
550 1659 579 1716 Si
601 1660 663 1732 quis
685 1659 713 1716 in
734 1659 818 1716 eliam
839 1657 978 1716 civitatem
1000 1675 1111 1718 causam
1133 1663 1272 1731 habuerit,

213 1756 295 1812 vadat
315 1772 377 1812 cum
399 1757 516 1830 epistola
537 1758 572 1814 de
590 1758 685 1829 judice
710 1773 760 1813 suo
788 1757 822 1813 ad
841 1757 965 1828 judicem
993 1755 1041 1830 qui
1069 1758 1096 1813 in
1125 1759 1189 1815 loco
1210 1767 1272 1827 est;

214 1853 284 1910 etsi
313 1853 372 1925 ipse
398 1854 486 1926 J'udex
512 1856 537 1910 ei
565 1854 671 1938 Justitie
693 1855 765 1911 intra
787 1853 936 1919 octodies
966 1854 1087 1911 menime
1113 1854 1205 1912 tacere
1233 1857 1275 1914 di-

213 1951 365 2022 strinxerit,
388 1958 513 2009 autnon
535 1955 744 2025 conplevcrent,
767 1958 910 2026 conponat
932 1951 973 2008 ilii
995 1952 1043 2025 qui
1064 1969 1176 2010 causam
1196 1971 1274 2012 suam

213 2050 374 2107 reclamavit
393 2050 498 2106 solidos
518 2067 572 2120 xx,
600 2058 627 2106 et
648 2051 706 2121 regi
728 2051 798 2107 alius
819 2068 864 2109 xx.
906 2051 942 2106 Et
963 2049 987 2106 si
1008 2050 1069 2107 telis
1090 2065 1171 2108 causa
1192 2052 1276 2110 tuerit

125 2150 127 2154 ’
215 2164 298 2220 quam
320 2148 474 2204 deliberare
495 2148 616 2206 menime
637 2151 745 2222 possit,
769 2155 856 2222 ponat
882 2147 1052 2219 constituto,
1080 2155 1108 2205 et
1128 2149 1276 2222 distringat

215 2244 357 2302 hominem
384 2243 466 2303 illum
490 2249 525 2304 de
555 2247 607 2304 sub
635 2264 683 2304 sua
708 2246 857 2320 judiciaria
882 2246 955 2303 intra
987 2246 1136 2304 duodecim
1163 2248 1273 2305 diesin

213 2344 381 2416 presentiam
403 2345 476 2416 regis
497 2345 608 2412 venire;
632 2361 696 2402 nam
717 2345 738 2401 si
759 2344 839 2400 aliter
859 2343 966 2409 iecerit,
990 2351 1018 2400 et
1038 2344 1203 2417 distringere
1226 2363 1275 2403 nc-

214 2441 342 2512 glexerit,
365 2450 517 2515 conponat,
540 2443 610 2500 sicut
624 2458 707 2515 supra
723 2442 826 2498 dictum
843 2447 894 2511 est,
910 2440 1015 2497 solidos
1027 2459 1073 2508 xc,
1097 2444 1274 2501 medietatem

213 2539 282 2611 regi,
306 2548 333 2596 et
354 2540 530 2597 medietatem
552 2543 576 2597 ei
599 2540 646 2613 qui
668 2557 778 2597 causam
800 2557 878 2597 suam
898 2539 1065 2600 reclamavit.

293 2635 353 2710 (X.)
383 2641 445 2698 28.
478 2638 507 2698 Si
529 2639 592 2712 quis
612 2655 723 2696 causam
744 2638 890 2710 habuerit,
912 2645 942 2694 et
965 2637 1104 2698 sculdahis
1123 2646 1172 2696 aut
1188 2638 1274 2712 J‘udcx

215 2735 241 2792 ei
262 2737 414 2793 secundum
427 2737 518 2794 Edisti
540 2737 631 2793 tinore
652 2743 680 2792 et
701 2752 751 2809 per
770 2739 863 2808 legem
876 2735 1050 2808 judicaverit,
1073 2742 1102 2792 et
1121 2736 1181 2808 ipse
1202 2745 1274 2794 stare

214 2833 243 2891 in
264 2834 363 2891 eodem
381 2835 488 2908 judicio
516 2834 637 2892 menime
664 2835 803 2900 voluerit,
833 2839 975 2907 conponat
1000 2833 1041 2890 itti
1069 2833 1117 2908 qui
1140 2834 1276 2907 judicavit

213 2931 318 2988 solidos
339 2951 395 2999 rrxr
419 2949 483 2990 nam
504 2933 538 2988 de
561 2950 593 2989 ea
614 2948 696 2989 causa
713 2949 785 3005 quae
806 2948 858 3004 per
874 2931 1020 2988 arbitrium
1038 2931 1274 3008 judicatalfuerit,

212 3035 241 3084 et
261 3029 321 3103 ipse
341 3030 394 3086 sibi
417 3048 473 3087 non
495 3031 651 3088 credederit
672 3032 764 3102 legem
781 3029 942 3103 judicassit,
964 3035 992 3085 et
1013 3029 1047 3086 ad
1069 3044 1165 3100 regem
1186 3031 1274 3088 recla-

213 3127 338 3197 maverit,
362 3145 420 3184 nou
440 3128 476 3184 sit
496 3129 656 3202 cuiparelis.
679 3129 715 3184 Et
735 3129 758 3184 si
770 3128 856 3200 judex
873 3134 970 3184 eontra
988 3128 1079 3196 legem
1096 3125 1271 3199 judicaverit,
1349 3149 1355 3162 ·
1433 3119 1445 3142 '

214 3231 357 3298 conponat
376 3226 482 3282 solidos
504 3243 549 3296 m,
572 3225 751 3283 medietatem
773 3225 842 3296 regi,
866 3231 894 3282 et
914 3224 1091 3282 medietatem
1113 3223 1189 3297 cujus
1210 3241 1274 3282 cau·
1314 3249 1318 3254 ·

213 3341 272 3382 sam
292 3324 382 3384 tuerit.
425 3325 462 3380 Et
491 3324 514 3380 si
536 3325 664 3382 forsitans
687 3324 774 3397 judex
795 3340 905 3381 causam
927 3339 978 3397 per
1004 3321 1150 3380 arbitrium
1166 3321 1274 3394 judice·

213 3423 292 3493 verit,
315 3429 344 3478 ct
357 3422 494 3494 judicium
512 3423 569 3494 ejus
583 3429 688 3479 rectum
705 3438 763 3479 non
780 3421 968 3495 conparuerit,
986 3438 1043 3477 non
1060 3419 1096 3476 sit
1110 3420 1271 3494 culpaveris,

215 3520 266 3576 nisi
288 3527 400 3594 preveat
420 3528 623 3577 sacramentum
644 3520 715 3592 regi,
738 3519 815 3592 quod
835 3535 892 3575 uon
914 3518 1012 3591 iniquo
1031 3518 1124 3575 animo
1146 3524 1193 3574 aut
1213 3535 1274 3574 cor-

214 3626 309 3691 ruptus
330 3635 346 3674 a
368 3618 475 3691 premio
497 3635 607 3675 causam
628 3617 717 3690 ipsam
739 3633 797 3673 non
814 3616 974 3689 iudinassu,
998 3617 1052 3674 nisi
1073 3617 1113 3673 sic
1134 3615 1161 3673 ei
1182 3617 1274 3686 legem

213 3717 413 3789 conparuissit,
440 3723 468 3772 et
487 3717 522 3772 sit
543 3716 705 3780 absolutus3
735 3732 800 3771 uam
820 3713 843 3771 si
866 3715 960 3787 jurare
982 3733 1038 3771 non
1062 3713 1270 3789 presumpserit,

214 3822 356 3887 conponat
376 3823 406 3871 ut
425 3813 507 3887 sup'ra
528 3815 632 3870 dictum
654 3818 703 3873 cst.
1103 3891 1104 3896 η

292 3914 328 3970 Et
362 3917 410 3971 troc
439 3917 580 3971 statuimus
616 3915 704 3983 adque
733 3915 885 3983 difinirnns,
914 3920 944 3970 ut
973 3915 997 3968 εἰ
1025 3914 1058 3967 de
1083 3911 1274 3982 nrprcsere‘pn'r

214 4015 338 4085 capitulis
367 4029 436 4084 quoe
460 4014 539 4068 modo
564 4013 713 4083 odfieemnr
737 4013 923 4083 qualicumque
950 4027 1047 4067 caucos
1077 4016 1159 4064 anteo
1187 4025 1271 4064 emer-

213 4120 305 4169 serunt
326 4121 373 4169 aot
393 4113 561 4180 foeterent,
593 4113 624 4166 tn
655 4127 684 4165 eo
714 4112 810 4166 ordine
829 4110 963 4179 finiantur
992 4116 1017 4164 et
1046 4114 1174 4163 maneant
1204 4109 1272 4163 cient

214 4211 335 4268 anterior
354 4211 407 4278 [uit
436 4209 612 4276 emunitndo,
645 4209 686 4264 oct
714 4209 830 4280 qualiter
860 4211 891 4263 in
916 4208 1028 4276 antiquo
1047 4204 1142 4262 suren
1162 4223 1272 4277 corpore

215 4316 383 4374 conterremur
415 4325 484 4379 quoe
506 4308 602 4362 amodo
625 4323 697 4376 uero,
721 4308 751 4362 td
773 4315 809 4362 est
830 4308 922 4362 adice
937 4308 989 4360 isto
1003 4305 1180 4362 delendorum
1195 4321 1271 4361 rner-

215 4412 325 4479 ttornm,
348 4407 496 4464 indictione
516 4412 624 4476 quarto,
648 4407 783 4461 evenerint
803 4406 844 4460 vel
862 4406 922 4474 ficet
942 4405 1096 4476 contecerit,
1119 4406 1158 4459 sie
1178 4405 1270 4460 termi-

213 4516 311 4566 nentur
331 4513 355 4562 et
374 4507 454 4575 finem
473 4507 625 4576 accipient,
657 4507 725 4560 cient
752 4507 783 4559 in
809 4505 927 4576 presenti
950 4505 1056 4576 popina
1083 4509 1198 4560 statuere
1217 4506 1271 4559 etsi

214 4623 321 4666 surnns:
352 4611 457 4675 eccepto
478 4605 510 4660 dc
530 4605 641 4661 mutere
661 4604 746 4660 ittera
766 4619 835 4673 qnae
855 4619 961 4658 serrum
981 4604 1039 4646 earn
1082 4610 1106 4660 et
1126 4604 1270 4660 secondom
