3048 5130
541 515 679 561 muvcvuu
702 517 770 561 aaa.
806 511 846 558 m
860 535 885 544 —
898 512 947 556 aaa.
1234 497 1276 558 aa

303 663 391 722 999.
415 663 465 738 (lla
483 663 616 740 idunan)
654 665 683 724 Si
705 665 769 740 quis
792 681 886 740 sepem
907 665 1027 723 alienam
1048 665 1165 739 cuparii,
1188 665 1217 723 id
1237 671 1277 724 eal

224 761 349 831 idunan,
371 769 513 836 conponat
532 761 637 820 solidas
657 780 714 823 sex.
1259 811 1264 818 .

303 861 393 918 989.
414 858 466 933 (De
486 859 618 932 naeniae.)
660 860 689 917 sl
719 861 782 933 quis
803 861 913 932 avegias
934 861 968 917 de
989 877 1070 934 sepe,
1102 859 1131 917 id
1149 865 1193 918 ‘est
1213 878 1277 918 axe-

224 957 309 1029 giala,
333 973 387 1013 una
409 967 456 1015 aul
477 959 546 1014 duas
568 958 669 1024 lalevil,
693 966 835 1031 conponat
856 958 946 1015 solido
969 973 1037 1017 uuo.

302 1056 386 1114 989.
409 1055 460 1128 (De
480 1072 540 1128 sape
559 1057 716 1128 stantuna.)
760 1055 789 1112 Si
816 1055 879 1130 quis
906 1054 940 1111 de
962 1071 1028 1128 sepe
1055 1054 1186 1112 slanlavia
1207 1055 1277 1113 lacla

223 1153 314 1209 vimen
337 1152 438 1224 tulerit,
460 1161 602 1227 conponat
622 1154 728 1210 solidus
750 1169 858 1220 nnuma
888 1153 911 1210 si
932 1161 1026 1211 aulem
1046 1152 1155 1227 perviae
1175 1159 1278 1210 lvavev-

223 1251 295 1308 savia
316 1251 419 1322 inlevit,
442 1259 585 1325 conponat
604 1253 710 1309 salidus
731 1259 796 1310 lvcs.

303 1350 390 1408 988.
423 1348 478 1424 (De
495 1349 623 1422 planum.)
666 1350 696 1406 Si
717 1349 780 1423 quis
800 1350 912 1422 plovum
940 1354 987 1404 aul
1011 1354 1132 1405 aratrum
1153 1347 1277 1404 alienum

223 1445 322 1520 iniquo
343 1447 437 1505 anima
459 1449 671 1521 cappellavevil,
701 1453 843 1520 conponat
863 1447 969 1503 solidos
1000 1453 1072 1510 laesa
1099 1453 1126 1502 et
1152 1445 1176 1501 ai
1203 1445 1277 1501 suca-

223 1543 302 1609 vevit,
325 1543 354 1599 in
377 1546 511 1616 eclogild.

302 1644 392 1699 989.
415 1641 470 1718 (De
490 1639 631 1714 tintinna.)
661 1641 690 1697 Si
712 1640 775 1714 quis
796 1639 917 1696 tintinna
946 1640 981 1696 de
1001 1655 1085 1712 super
1105 1643 1209 1699 cavallo
1230 1647 1278 1698 aut

222 1739 323 1796 bavam
345 1739 486 1809 iuvaverit,
510 1747 650 1812 conponat
670 1739 777 1796 solidus
797 1755 855 1795 aex.

302 1839 395 1896 999.
418 1836 473 1913 (De
487 1839 611 1912 jnynm.)
653 1838 682 1895 si
698 1839 767 1915 ¹quis
784 1837 880 1912 jocum
901 1837 1048 1907 iuraverit,
1071 1843 1213 1910 canpanal
1232 1853 1277 1894 aa·

221 1933 296 1992 lidus
316 1951 373 1992 sex.
850 1917 854 1926 ⁵
1137 1930 1139 1933 ’

302 2035 387 2090 991.
409 2029 462 2106 (De
481 2031 580 2107 saaca.)
602 2033 631 2089 si
652 2033 716 2106 quis
730 2049 811 2104 sagas
825 2033 1093 2090 iuvaveritdebovis
1106 2033 1274 2107 janciarius,

223 2137 364 2201 conponat
383 2130 487 2186 solidas
508 2147 574 2194 sexa
597 2131 656 2187 elsi
672 2133 907 2204 qualemcumque
922 2147 982 2187 rem
994 2131 1176 2202 medicgvem‚
1201 2132 1276 2189 unde

222 2244 270 2284 sex
290 2226 396 2283 calidos
417 2235 466 2284 aul
486 2228 579 2286 minus
599 2228 628 2284 in
650 2229 704 2285 hoc
724 2228 823 2284 Edicto
845 2233 910 2286 sunt
928 2228 1062 2300 judicati,
1086 2229 1131 2285 sur
1150 2229 1210 2301 ipae
1230 2245 1277 2285 su-

222 2330 377 2399 perlectus,¹
393 2325 495 2396 luerit,
527 2343 583 2382 nau
605 2326 640 2382 sit
661 2326 794 2397 figangn,
828 2325 880 2382 nisi
903 2331 1010 2382 tantum
1037 2333 1179 2399 conponat
1206 2326 1278 2384 sicul

97 2415 101 2432 '
223 2424 403 2480 constitutum
424 2429 473 2481 est.

302 2523 391 2582 999.
414 2520 470 2592 (De
494 2523 576 2578 uilem
594 2519 730 2594 uvarum.)
772 2520 802 2578 Si
831 2523 894 2595 quis
919 2524 1002 2581 vilem
1023 2523 1220 2598 expoliaverit,
1248 2523 1279 2580 id

223 2624 266 2674 εει
300 2618 450 2676 aminicula
477 2619 570 2676 tulerit
607 2635 691 2692 super
717 2627 772 2676 tres
802 2627 849 2676 aul
876 2629 1024 2694 qualluav,
1066 2629 1208 2696 conponat
1235 2637 1280 2678 sa-

222 2714 293 2772 lidus
313 2733 371 2774 sex.

302 2816 391 2871 999.
413 2811 469 2888 (De
487 2815 559 2885 palo,
582 2817 654 2885 qnod
674 2823 711 2872 cat
731 2814 881 2890 canucio.)
902 2815 932 2874 si
953 2818 1016 2890 quia
1032 2819 1127 2891 palum
1144 2818 1179 2874 de
1195 2817 1276 2874 vitem

221 2911 324 2976 talevit,
348 2917 491 2984 conponat
511 2911 617 2967 calidus
637 2928 696 2968 sex.

301 3011 390 3067 994.
412 3007 464 3082 (De
483 3011 565 3066 vilem
583 3009 720 3082 incisam.)
760 3011 790 3067 Si
812 3009 875 3084 quis
897 3010 978 3067 vilem
1006 3011 1041 3067 de
1067 3027 1152 3069 unam
1174 3011 1276 3068 iosvam

221 3111 280 3162 asto
301 3107 477 3178 capelavevil,
500 3112 643 3179 conponat
662 3107 753 3165 solido
775 3125 842 3167 uno.

302 3186 392 3245 999.
416 3186 467 3260 (De
487 3190 615 3244 tranienn
634 3186 720 3262 uilia.)
762 3188 791 3246 Si
820 3189 883 3261 quia
911 3188 1039 3246 lravicem
1066 3189 1101 3245 de
1129 3189 1211 3246 vitem
1231 3187 1275 3244 iu-

221 3283 330 3353 cidecil,
354 3291 497 3357 conponat
516 3285 609 3342 medio
629 3286 731 3342 solido.

300 3384 392 3440 999.
413 3379 466 3456 (Da
486 3381 577 3457 abac.)
619 3385 648 3440 Si
670 3385 734 3457 quis
754 3400 838 3457 super
858 3391 914 3440 tres
941 3400 1006 3441 uvaa
1033 3383 1068 3440 de
1095 3382 1177 3441 vinea
1208 3385 1276 3440 alie-

196 3495 286 3545 ‚nam
307 3479 417 3549 lalevit,
451 3489 593 3554 conponat
612 3482 718 3540 calidas
737 3499 803 3547 vexa
836 3499 900 3539 nam
927 3483 949 3538 si
980 3497 1068 3556 usque
1093 3488 1148 3538 tres
1169 3482 1274 3547 inlevit,

221 3576 298 3634 nulla
317 3576 354 3634 sit
373 3576 413 3633 illi
434 3578 529 3650 culpa.

299 3675 384 3734 999.
406 3672 462 3749 (De
482 3677 695 3746 cmlalctcaina.)
715 3675 745 3732 Si
766 3677 829 3750 quia
843 3677 991 3750 pastoriam
1007 3679 1042 3736 de
1060 3679 1195 3736 cavallum
1208 3677 1275 3735 alic-

219 3790 287 3830 uum
308 3773 411 3844 tulerit,
435 3779 576 3847 conponat
595 3773 702 3831 solidas
721 3791 778 3835 sex.

299 3874 389 3930 999.
411 3869 467 3944 (De
486 3871 622 3944 capiano.)
645 3872 674 3930 Si
696 3873 759 3947 quis
779 3874 930 3947 capistrum
952 3874 987 3930 de
1008 3880 1092 3947 caput
1115 3872 1212 3930 cavalli
1233 3881 1274 3930 lo-

218 3970 292 4036 lerit,
315 3975 457 4043 conponat
475 3970 582 4048 salidus
602 3987 661 4028 sax.

299 4068 390 4127 999.
412 4064 464 4142 (Dc
482 4067 571 4140 ralia.)
599 4069 629 4126 Si
651 4068 716 4143 quia
737 4069 802 4126 celis
823 4070 927 4126 alienas
949 4077 996 4127 aul
1017 4085 1111 4128 nassae
1132 4070 1271 4142 levaverit,

219 4171 266 4224 aut
285 4165 314 4222 iu
335 4163 454 4238 piscaria
475 4164 567 4222 aliena
587 4165 670 4238 piscis
692 4166 794 4232 laleril,
818 4174 960 4239 conponat
979 4167 1084 4226 solidas
1105 4175 1167 4228 laea.

298 4265 395 4321 999.
415 4260 468 4336 (Dc
488 4260 622 4337 arbore.)
643 4264 672 4320 Si
695 4265 758 4338 quis
779 4281 886 4335 vovera,
908 4273 957 4322 aut
976 4281 1096 4336 cerrum,
1119 4284 1168 4324 seu
1190 4285 1274 4342 quer·

218 4360 262 4418 cio
284 4360 557 4436 quod-esamoaala,
581 4361 668 4419 hicela
683 4363 761 4435 quod
782 4368 823 4420 est
839 4363 923 4434 lagia,
945 4362 1017 4420 inira
1034 4381 1133 4435 agrum
1151 4365 1274 4425 alienum

219 4464 267 4516 aul
287 4459 425 4516 culturam
447 4474 496 4516 ceu
518 4459 675 4518 clausuram
696 4459 802 4519 vicinos
822 4462 858 4520 ad
885 4460 1008 4520 vicinum
1028 4462 1175 4536 inciderit,
1206 4482 1275 4524 cou-
