3022 5144
1201 532 1243 598 Si

236 713 356 771 solidum
388 731 493 770 unum:
529 729 659 771 annnam
682 712 707 770 ci
728 731 785 770 noo
807 719 957 790 repetetur.
1003 669 1153 772 Particula
1183 709 1241 772 isla

235 821 318 884 nulla
347 830 418 903 eget
449 821 665 904 explicatione.
712 823 811 884 Pedes
836 822 911 888 100,
940 813 994 894 35,
1021 822 1075 894 26,
1103 821 1144 882 12
1167 841 1240 903 pro-

235 933 411 998 fundidatis,
437 941 620 1015 puteorum,
655 942 809 1016 quaeruut
844 934 1065 1015 respondentia
1103 935 1241 1016 itemque

233 1045 444 1108 decrescentia
468 1046 575 1126 pretia.
615 1046 713 1108 Unum
738 1047 919 1120 notandum,
946 1045 1054 1112 allatas
1079 1046 1238 1110 mensuras

235 1153 385 1236 (minimis
407 1157 536 1222 sublatis
560 1154 757 1243 differentiis)
790 1159 942 1224 rationem
965 1157 1082 1248 habuc
1103 1157 1186 1222 luter
1208 1179 1242 1220 se

238 1270 471 1357 ²²1²l²i²i⁹
504 1272 547 1334 ita
576 1280 609 1334 ut
632 1272 774 1335 modulus
798 1272 967 1336 altitudinis
998 1279 1162 1355 puteorum
1186 1271 1240 1333 ha·

163 1399 166 1404 “
236 1385 354 1446 bendus
377 1383 416 1447 sit
440 1385 554 1466 pedum
577 1384 699 1447 circiter
724 1385 806 1468 lat,
840 1384 913 1467 qui,
949 1385 974 1448 si
1005 1395 1134 1448 romano
1167 1383 1239 1466 pedi

235 1497 395 1578 aequales,
433 1505 595 1560 vertuntur
627 1495 659 1558 iu
693 1505 779 1561 metr.
811 1495 920 1570 anta.
973 1497 1033 1572 Qui
1059 1516 1150 1570 vero,
1187 1494 1240 1557 illa
1320 1507 1323 1515 ‘

234 1616 347 1683 aetate,
363 1628 441 1671 .mos
464 1608 572 1681 fuerit,
597 1608 760 1674 hauriendi
785 1628 899 1690 aquam
922 1607 1098 1682 (tollenone
1121 1606 1240 1670 scilieet

233 1721 337 1784 furcae
361 1719 520 1804 imposito)
551 1720 649 1783 habes
677 1709 707 1783 in
738 1721 919 1802 Liutprandi
954 1719 1024 1802 lege
1055 1713 1111 1782 VII
1134 1719 1239 1795 addila

232 1838 260 1915 ξ.
285 1834 454 1896 CXXXVI.
480 1834 525 1895 lle
547 1833 650 1914 puteis
679 1833 711 1896 in
735 1842 884 1898 centenos
908 1849 1015 1915 usque.
1035 1831 1133 1913 pedae
1162 1831 1239 1894 actis

232 1947 369 2028 loquitur
393 1946 506 2010 Plinius
531 1946 641 2029 (XVll.
667 1945 722 2030 lla
755 1947 1065 2014 animaduertendum
1092 1945 1167 2008 item
1192 1951 1238 2006 est

231 2060 355 2122 illorum
378 2058 571 2122 latitudinem
594 2080 658 2122 non
680 2061 719 2122 ad
734 2075 792 2122 vur
807 2061 905 2140 pedes
917 2049 1139 2124 aestimandam
1164 2075 1233 2118 esse

186 2241 188 2247 y
234 2171 361 2256 (Pallad.
390 2173 441 2238 ΙΧ,
466 2170 520 2254 9),,
540 2173 595 2236 scd
618 2179 738 2236 tantum
761 2172 799 2237 ad
824 2192 861 2236 ur
885 2173 934 2234 vel
958 2192 994 2237 ιιι
1019 2179 1050 2234 et
1073 2189 1167 2242 sem,
1194 2167 1236 2230 uti
1274 2225 1278 2233 ι

234 2284 389 2366 llypponii
413 2284 525 2350 delecti
549 2283 674 2348 iteruin
696 2261 804 2365 paucis
827 2285 870 2350 al).
889 2283 963 2348 hinc
986 2283 1084 2348 aunis.
1148 2287 1150 2291 ’
