3048 5130
254 381 296 445 aa
635 404 820 450 crumenam
844 405 934 452 uuors

253 551 420 622 constituto,
450 553 504 610 hoc
523 561 565 610 est
584 560 639 612 tres
660 571 768 623 annos,
791 556 912 612 menime
933 573 1074 627 regressus
1095 557 1194 627 tuerit,
1216 555 1309 614 veniat
1340 551 1344 558 '

251 649 339 722 ipsam
361 649 396 706 ad
417 651 549 723 palatium
570 653 644 723 regis
670 653 718 726 qui
738 654 767 709 in
797 662 922 726 tempore
953 655 1051 724 sumit,
1080 663 1108 710 et
1137 655 1256 728 qualiter
1282 654 1307 710 ei

251 749 311 820 ipse
340 749 494 806 maritandi
516 750 629 807 licentia
658 750 767 807 dederit
794 759 841 808 aat
861 768 941 808 causa
963 753 1049 824 ipsius
1077 753 1247 810 ordinaverit
1266 753 1307 808 vel

253 847 429 916 tractaverit,
459 847 496 904 ita
517 848 607 905 iacere
628 848 743 913 debeam
775 866 840 906 nam
871 849 931 906 sine
958 851 1123 922 permissum
1151 852 1223 921 regis
1250 866 1307 905 non

251 951 391 1014 presumat
411 946 541 1001 maritum
562 947 673 1006 ducere.
715 948 750 1002 m
780 947 802 1002 si
833 946 886 1019 ipsi
908 954 969 1019 post
997 956 1052 1004 tres
1082 965 1172 1004 annos
1203 947 1307 1003 inventi

252 1039 375 1110 irrorent,
399 1050 563 1114 potestatem
585 1043 687 1101 lrabeat
707 1061 754 1100 rex
777 1044 811 1099 de
831 1043 871 1100 eis
889 1045 1014 1116 judicare
1036 1047 1154 1119 qualiter
1180 1044 1306 1100 valuerit.

572 1167 701 1207 uxralctr
722 1167 759 1206 mr
780 1166 854 1208 ANNO
874 1165 991 1211 OCTABO.

559 1317 687 1368 lNClPlT
706 1317 750 1367 uli
771 1311 865 1370 ANNO
885 1318 986 1370 NONO.

508 1415 644 1481 (italendts
669 1419 783 1474 martiis,
813 1428 881 1467 anuo
910 1415 1060 1481 uacxxt.)

575 1481 766 1584 vou'unun
790 1521 986 1596 ounnvuu.

331 1634 390 1707 Epo
410 1636 441 1690 in
454 1633 507 1688 Dei
520 1633 708 1703 ornnipotentis
724 1633 832 1687 nornine
851 1630 1059 1702 liutprand
1079 1631 1310 1687 eccellentissimo

251 1750 301 1789 rear
314 1733 372 1788 Deo
393 1732 485 1787 dilecte
506 1737 530 1785 et
551 1731 677 1786 catholice
697 1732 783 1800 pentir
803 1728 1046 1799 langobardorum
1066 1731 1224 1785 reminiscor
1243 1745 1309 1799 qao·

251 1833 328 1886 niam
341 1832 402 1902 jam
423 1831 453 1884 in
474 1831 610 1899 superiore
630 1828 722 1883 Edicti
745 1843 855 1896 corpore
875 1828 983 1881 adicere
1003 1829 1174 1895 coracinus,
1203 1811 1262 1882 licet
1282 1830 1313 1884 in

250 1946 346 2001 parco,
370 1937 459 1984 tamen
479 1929 510 1982 in
529 1926 709 1981 voluminibus
729 1925 833 1990 tribas,
857 1925 888 1978 id
909 1931 945 1978 ert
965 1926 995 1979 in
1015 1927 1121 1994 primo,
1153 1927 1184 1980 in
1204 1927 1309 1996 quinto,

250 2029 282 2083 in
302 2028 394 2083 actalia
413 2026 491 2096 regni
510 2025 598 2078 nostri
619 2039 710 2090 anno,
739 2023 888 2077 indictione
908 2024 1066 2090 undecima,
1096 2025 1310 2093 quintadecima,

253 2132 276 2182 et
297 2126 393 2191 tertia,
427 2141 459 2178 ea
479 2138 549 2192 qaae
568 2129 641 2177 recta
662 2128 686 2175 et
706 2122 851 2176 secandam
872 2119 959 2175 Deam
980 2122 1129 2192 nanqaitla
1149 2122 1226 2175 nobis
1247 2138 1311 2176 con·

249 2228 408 2294 parrer-ant.
444 2218 523 2276 Nunc
543 2226 632 2274 oatern
652 2234 724 2273 anno
745 2219 939 2289 repatriarem,
963 2217 1021 2272 Deo
1040 2225 1204 2288 protegente,
1227 2235 1310 2282 nana,

253 2323 297 2376 die
317 2320 494 2374 kalendorum
510 2318 684 2386 martiorum,
704 2317 852 2370 indictione
874 2321 982 2385 quarta,
1002 2323 1198 2385 pertractantes
1220 2319 1312 2371 omnic

253 2426 277 2472 et
297 2391 462 2472 recorrentes
482 2415 647 2484 antiquioris
666 2413 759 2468 Edicti
777 2414 895 2483 capitata
914 2429 1050 2468 anacam
1063 2413 1203 2483 jndicibus
1223 2420 1247 2468 et
1266 2431 1310 2468 re·

252 2516 334 2584 lignis
354 2513 544 2584 Langobardis
563 2512 685 2580 fideliter
706 2512 822 2577 nostris,
846 2512 973 2565 iterantes
1001 2513 1032 2566 in
1062 2519 1158 2581 qnarto
1178 2513 1311 2568 volamine

252 2613 372 2682 supplere
387 2619 410 2666 et
420 2627 518 2682 capere
531 2610 699 2679 previdimus
706 2624 756 2678 pne
765 2609 844 2664 nabit
852 2610 935 2679 jacta
945 2608 1002 2664 Deo
1017 2617 1090 2664 recta
1105 2616 1309 2679 conpatreerant.

331 2706 365 2782 (l.
387 2707 428 2764 De
448 2713 554 2773 aetate,
585 2709 617 2761 in
643 2709 752 2775 naamis
780 2708 861 2761 annis
892 2709 985 2762 deceat
1011 2725 1064 2762 erse
1092 2709 1211 2778 legitimo
1231 2703 1310 2780 ctae.)

252 2808 312 2863 19.
353 2805 415 2861 Hoc
436 2803 643 2876 prospeximus,
676 2809 706 2858 ut
734 2802 806 2858 intra
838 2803 935 2859 decem
956 2811 982 2859 et
1004 2810 1066 2859 octo
1087 2819 1177 2860 annos
1197 2819 1254 2858 non
1276 2804 1311 2860 sit

252 2903 391 2974 legitimus
420 2901 580 2970 homeres
610 2915 672 2956 suas
707 2899 902 2956 alienandum:
934 2909 1067 2973 excepto,
1096 2900 1118 2956 si
1147 2908 1224 2974 pater
1252 2901 1310 2974 ejus

252 3001 376 3057 debitum
398 2998 549 3066 dimiserit,
572 2997 673 3054 habeat
694 3002 873 3070 potestatem,
897 3015 951 3054 una
973 3015 1035 3054 eum
1057 2997 1154 3054 notitia
1177 2998 1310 3071 principis

252 3105 324 3154 terre
346 3097 434 3165 istius,
458 3101 564 3152 tantum
587 3097 621 3152 dc
642 3097 725 3152 rebus
746 3096 802 3151 suis
824 3095 957 3163 dandum,
982 3101 1115 3168 quantum
1137 3097 1240 3169 ispsum
1262 3097 1310 3152 de·

252 3195 339 3252 bitum
360 3193 453 3262 tuerit,
476 3201 507 3248 ut
526 3194 551 3249 ei
573 3193 663 3264 major
679 3192 832 3248 damnietas
852 3198 966 3264 propter
986 3209 1070 3249 oncra
1082 3193 1233 3251 solidorum
1252 3211 1308 3250 non

251 3294 410 3356 adcucurrit
434 3297 461 3347 et
482 3291 541 3363 ipse
558 3291 687 3363 princeps
700 3291 748 3362 qui
769 3307 820 3362 pro
838 3299 961 3362 tempore
982 3291 1074 3353 tuerit.
1097 3298 1212 3364 propter
1221 3293 1308 3348 Deum

252 3397 278 3446 et
298 3389 408 3445 animae
428 3405 494 3444 suae
515 3389 673 3445 mercedem
695 3388 797 3459 dirigat
824 3404 972 3460 personam
995 3390 1083 3445 Deum
1109 3389 1253 3445 timentem
1274 3389 1308 3444 de

251 3485 293 3542 sui
314 3486 463 3558 presentia,
487 3486 534 3558 qui
556 3485 609 3542 hoc
630 3485 721 3558 ipsum
741 3484 883 3558 sapienter
903 3485 1081 3542 consideret:
1112 3493 1142 3541 ut
1161 3485 1197 3543 ad
1218 3486 1308 3557 ipsum

252 3584 419 3642 infantulam
440 3583 533 3656 aliqua
554 3584 707 3640 damnietas
728 3590 825 3664 contra
846 3583 981 3641 rationem
1004 3589 1051 3640 aut
1070 3600 1121 3656 per
1141 3583 1309 3654 negligentia

251 3681 374 3737 menime
401 3679 555 3754 proveniat.
598 3681 634 3736 Et
655 3681 684 3735 in
707 3681 892 3739 nonodecimo
917 3699 992 3738 auno
1017 3681 1053 3737 sit
1073 3680 1178 3737 homini
1199 3682 1310 3751 Lango-

252 3779 338 3834 bardo
360 3778 482 3849 legitima
504 3785 578 3846 etas,
611 3782 638 3833 et
664 3779 860 3851 quodcumque
886 3779 983 3835 iecerit
1009 3780 1051 3834 vel
1080 3779 1244 3850 judicaverit
1273 3779 1308 3836 dc

177 3898 179 3906 ·
251 3877 333 3933 rebus
360 3876 435 3941 suis,
460 3873 551 3931 stabili
579 3874 677 3930 ordine
699 3875 799 3931 debeat
820 3891 992 3948 permanere.
1034 3877 1070 3932 Et
1091 3876 1145 3931 troc
1165 3877 1308 3934 statuimur

251 3973 343 4046 adque
357 3973 515 4040 delinimus,
539 3977 568 4028 ut
588 3971 610 4027 si
625 3971 789 4045 cuicumque
811 3979 874 4029 ante
895 3973 1080 4046 ipsosdccem
1101 3979 1129 4028 et
1142 3980 1204 4030 octo
1219 3990 1308 4032 annos

250 4071 374 4127 evenerit
392 4070 540 4141 egritudo,
573 4076 601 4124 ct
626 4085 655 4124 se
683 4067 783 4124 viderit
810 4069 845 4125 ad
873 4070 968 4126 mortis
997 4070 1152 4142 periculum
1179 4071 1304 4139 tendere,

250 4167 351 4224 habeat
371 4167 512 4224 licentiam
533 4167 568 4222 de
589 4166 670 4222 rebus
691 4165 747 4222 suis
775 4181 826 4238 pro
848 4167 968 4224 animam
989 4183 1066 4224 suam
1095 4165 1124 4223 iu
1146 4168 1246 4224 sanctis
1266 4169 1308 4222 lo·

251 4265 290 4322 eis
311 4281 391 4322 causa
413 4263 542 4336 pictatis,
576 4265 618 4320 rel
638 4263 667 4318 iu
688 4263 871 4334 senodochio,
891 4265 1016 4338 judicare
1038 4264 1113 4336 qaod
1129 4263 1256 4332 voluerit,
1279 4272 1307 4321 ct

251 4363 327 4435 quod
345 4361 509 4448 judicaverit
529 4378 579 4435 pro
601 4360 720 4418 animam
746 4378 841 4427 suam,
865 4363 991 4420 stabilem
1013 4362 1111 4420 deveat
1132 4377 1304 4434 permanere.
