3048 5130
566 523 704 568 narcara
727 524 793 570 aaa.
809 518 951 564 arn—rra.
1233 505 1273 570 ³1

218 672 334 732 muudia
354 672 462 742 rivere,
495 671 549 729 nisi
576 689 686 746 semper
715 673 766 730 snb
797 677 961 747 patestatem
981 671 1105 730 virorum
1135 680 1182 731 aut
1201 652 1294 732 certa⁸

217 772 293 843 regis
313 773 411 829 deveat
429 787 605 844 permanere,
629 789 681 829 ncc
701 771 807 844 aliquid
827 789 843 829 e
863 788 908 828 res
929 771 1045 829 moviles
1065 779 1113 828 aut
1132 771 1277 832 inmoviles

218 870 278 928 sine
299 871 468 928 volontatem
488 868 563 927 illius
583 869 613 926 in
634 871 711 942 cujus
723 870 869 927 mundium
890 869 974 928 luerit
993 870 1093 928 lrabeat
1113 879 1276 945 potestatem

219 969 344 1026 durandi
365 977 412 1028 aut
431 967 582 1028 alienandi.

299 1067 390 1124 000.
412 1064 464 1140 (Da
484 1069 561 1124 pidia
580 1065 762 1139 uiolentiam)
794 1066 824 1122 Si
845 1066 909 1139 quis
929 1067 1002 1125 aldia
1023 1067 1163 1134 alienam,
1186 1067 1278 1126 idest

219 1166 267 1237 qui
284 1165 342 1238 jam
363 1165 398 1222 da
418 1172 505 1222 matre
526 1165 614 1224 libera
636 1172 699 1222 nata
719 1163 921 1234 aequalentia
941 1165 1047 1236 iecerit,
1070 1170 1213 1239 conponat
1232 1182 1276 1224 sc·

218 1262 290 1318 lidos
311 1263 504 1334 quadraginta.
1127 1292 1129 1302 ι

298 1362 391 1418 000.
413 1357 467 1435 (Da
485 1363 583 1417 liberta
601 1356 781 1434 violentiam.)
809 1358 840 1414 Si
860 1357 922 1432 quis
942 1357 1041 1415 liberta
1062 1360 1164 1430 aliena,
1186 1361 1215 1418 id
1236 1368 1277 1419 est

218 1458 277 1531 ipsa
298 1475 418 1532 persana
438 1458 486 1532 qui
506 1459 594 1517 libera
615 1458 728 1516 dimissa
749 1464 809 1525 est,
833 1457 965 1514 violantia
990 1457 1105 1528 lecerit,
1135 1467 1277 1532 conponat

218 1555 324 1614 solidos
344 1573 391 1616 xx.

297 1655 384 1712 000.
405 1651 459 1726 (lle
477 1655 578 1712 canda
597 1656 780 1718 dominu.)
802 1652 831 1709 Si
854 1652 916 1726 quis
935 1652 1065 1710 ancillam
1080 1653 1201 1712 alienam
1218 1655 1277 1714 vio·

218 1751 303 1810 lautia
325 1752 431 1818 iecerit,
454 1759 597 1825 conponat
617 1752 721 1810 solidos
742 1767 786 1810 n.

297 1851 388 1907 000.
410 1835 584 1924 (Decepta.)
626 1850 657 1908 si
688 1849 750 1923 quis
772 1847 894 1923 rapuerit
913 1847 1015 1905 aldiam
1037 1847 1158 1905 alienam
1189 1856 1217 1906 et
1244 1850 1274 1908 in

218 1953 324 2004 curtem
353 1948 465 2004 alterius
486 1947 616 2017 duxerit,
648 1955 675 2004 et
695 1964 814 2021 sequena
842 1946 972 2004 dominus
992 1952 1039 2003 ant
1061 1945 1182 2020 parentis
1203 1947 1273 2020 ejus,

218 2051 246 2100 et
265 2045 310 2101 cui
331 2045 415 2102 curus
436 2044 518 2102 luerit
538 2044 725 2109 antesteterit,
759 2053 786 2102 et
807 2061 864 2102 nnn
886 2044 1043 2117 permiserit
1061 2043 1202 2101 vindicare
1229 2051 1277 2103 aut

218 2141 284 2198 laria
305 2143 469 2213 extrahere,
492 2150 635 2216 conponat
654 2142 760 2200 solidos
781 2143 983 2216 quadragenta,
1004 2141 1181 2200 medietatam
1204 2142 1275 2214 regi,

217 2246 246 2295 at
266 2239 442 2298 medietatem
462 2241 539 2313 cujus
560 2240 634 2298 aldia
655 2248 703 2299 est.

298 2339 391 2397 000.
412 2335 465 2408 (De
484 2339 585 2396 annila
604 2338 705 2410 rapta.)
727 2337 757 2394 Si
779 2337 841 2410 quia
862 2336 986 2410 rapuerit
1006 2336 1135 2394 ancillam
1156 2337 1275 2396 alienam

217 2442 246 2492 at
265 2435 293 2493 in
314 2443 421 2494 curtem
440 2437 553 2494 alterius
573 2436 698 2502 duxerit,
731 2443 760 2492 et
779 2451 899 2509 sequena
920 2434 1052 2491 dominus
1079 2440 1126 2491 aut
1147 2443 1275 2507 parentes
1336 2447 1339 2451 ’

217 2532 276 2604 eius
296 2539 324 2589 et
344 2533 388 2590 eui
409 2533 493 2592 curtis
514 2541 555 2590 est
581 2531 772 2603 antesteterit,
807 2538 835 2590 et
865 2549 922 2588 uon
943 2531 1100 2606 permiserit
1120 2531 1272 2602 vindicare,

217 2637 361 2701 conponat
379 2630 427 2704 qui
448 2630 588 2687 anteatelit
609 2630 714 2687 solidos
734 2630 844 2702 viginti,
866 2629 1045 2688 medietatem
1064 2630 1144 2703 regi,
1167 2637 1196 2688 et
1215 2649 1275 2692 me·

217 2724 348 2786 dietatem
370 2728 415 2786 cui
435 2727 535 2785 ancilla
556 2727 646 2787 luerit.

297 2827 383 2884 010.
405 2825 545 2900 (disrupto
561 2829 609 2898 qui
627 2829 658 2882 in
676 2834 775 2884 carten
788 2829 861 2899 rapis
877 2819 1007 2901 daverit.)
1027 2827 1059 2884 Si
1075 2828 1138 2901 quis
1151 2831 1275 2903 rapuerit

216 2923 318 2981 aldiam
338 2931 386 2980 aut
405 2923 535 2981 ancillam
556 2924 676 2982 alienam
697 2931 725 2982 et
749 2925 884 2982 incuriis
913 2924 988 2997 regia
1016 2925 1144 2992 duxerit,
1176 2933 1204 2986 et
1232 2945 1275 2986 aa·

217 3037 306 3094 quens
326 3021 457 3080 dominus
478 3029 525 3079 aut
544 3022 714 3095 quicumque
734 3039 769 3080 ex
783 3022 879 3080 amicis
896 3030 943 3080 aut
959 3022 1055 3099 servia,
1076 3029 1104 3079 at
1123 3026 1274 3094 gastaldius

216 3126 264 3176 aut
283 3124 359 3177 actor
379 3120 453 3190 ragis
473 3120 662 3177 antesteterit:
692 3135 744 3193 pro
774 3120 866 3186 aldia,
896 3121 932 3178 de
961 3120 1018 3177 suia
1042 3121 1162 3193 propriis
1190 3123 1274 3186 rebus

216 3224 358 3291 conponat
377 3217 418 3276 illi
439 3218 516 3290 cujus
536 3218 609 3275 aldia
630 3217 714 3275 luerit
733 3219 839 3276 solidos
859 3235 914 3284 xn3
947 3235 997 3291 pra
1018 3219 1135 3288 ancilla,
1165 3220 1271 3290 viginti.

296 3319 373 3374 011.
395 3314 439 3387 (Si
459 3319 520 3388 quir
540 3333 649 3372 cncrnn
666 3318 778 3374 alteim
798 3317 910 3386 tulerit.)
941 3315 971 3372 Si
1001 3315 1074 3373 liber
1102 3323 1150 3376 aut
1177 3334 1272 3378 servus

217 3429 331 3487 osorem
348 3414 461 3472 alterius
482 3414 584 3485 telesia,
608 3431 725 3488 eamque
742 3414 796 3470 sibi
817 3414 846 3470 in
866 3413 998 3486 coniugio
1012 3414 1167 3486 sociaverit,
1189 3419 1272 3476 ambo

216 3512 388 3578 occidantur,
410 3512 450 3568 sic
469 3518 562 3569 tamen
583 3511 606 3568 si
627 3513 709 3570 amba
730 3517 941 3569 consenserent.

296 3613 376 3667 010.
398 3606 442 3682 (Si
458 3613 518 3682 quia
531 3627 591 3668 cunt
606 3627 714 3668 acorna
728 3627 807 3668 ruam
820 3612 905 3667 aliurn
919 3612 1102 3682 sarnipantcm
1114 3613 1273 3689 invenere.)

216 3706 246 3764 Si
268 3708 413 3780 quiscum
434 3725 550 3766 exorem
570 3724 648 3766 suam
674 3709 793 3766 liberum
821 3714 869 3765 aut
894 3725 1003 3788 servum
1023 3708 1209 3781 lornigantam
1230 3712 1274 3768 in·

214 3805 330 3875 venerit,
353 3813 516 3878 potestatem
536 3805 638 3863 babeat
658 3823 706 3864 eos
727 3807 826 3864 ambos
847 3806 1014 3874 occidendi3
1037 3813 1066 3864 et
1085 3809 1106 3865 si
1129 3825 1177 3867 eas
1199 3811 1273 3869 occi·

215 3903 292 3972 sarit,
315 3919 374 3960 aon
395 3903 559 3976 requiratur.

294 4004 377 4060 010.
399 3999 451 4075 (Dc
471 4004 573 4060 crimen
592 4001 744 4076 meusne.)
766 4002 795 4059 Si
817 4003 880 4077 quis
898 4003 984 4061 alium
1003 4004 1039 4061 dc
1059 4020 1174 4062 uxorem
1193 4023 1272 4066 auam

215 4099 319 4157 crimen
340 4100 448 4157 miserit
467 4101 543 4173 quod
564 4117 627 4158 cum
649 4117 681 4158 ea
695 4100 862 4174 lornieassit,
883 4102 966 4160 leciat
981 4101 1006 4160 ci
1028 4101 1073 4159 cui
1088 4102 1195 4162 cumen
1210 4105 1274 4164 mit·

216 4198 281 4255 titur
300 4205 349 4255 aut
369 4215 418 4271 per
438 4206 644 4270 sagramentum
663 4207 711 4257 aut
731 4216 780 4273 par
801 4216 923 4273 pugnam
950 4217 986 4258 se¹
1005 4200 1174 4274 purifigare;
1202 4208 1231 4260 at
1249 4203 1274 4262 si

215 4303 358 4369 provatum
379 4297 471 4364 luerit,
489 4297 604 4355 animae
624 4314 690 4356 auae
711 4298 835 4356 incurrat
854 4299 1019 4372 perieulum.

295 4397 378 4453 014.
420 4394 450 4452 Si
470 4396 533 4469 quia
552 4395 670 4454 liberam
691 4399 813 4469 puellam
833 4398 937 4472 absque
958 4396 1106 4454 consilium
1127 4404 1273 4471 parentum

214 4499 262 4550 aut
280 4494 450 4552 volontatem
466 4492 576 4552 duxerit
592 4509 717 4565 exorem,
740 4500 883 4567 conponat
902 4475 1137 4569 anagrip'solidos
1156 4496 1271 4568 rigenti,
