3022 5144
234 465 277 530 88
609 483 796 529 arumnanor
819 481 910 528 neers

314 629 370 708 (V.)
412 634 474 692 88.
514 634 556 690 De
578 631 663 690 serris
684 632 844 704 fugacibus,
871 632 938 706 quia
964 633 1022 706 jam
1042 641 1122 694 autea
1144 634 1295 708 capitulum

233 732 318 790 istum
339 731 496 796 adfiximus,
519 730 568 786 sed
590 745 646 787 uon
669 737 711 787 est
731 730 889 802 specialiter
904 730 1008 788 dictum
1029 731 1056 787 in
1079 733 1154 805 quali
1176 732 1295 805 spatium

235 829 366 887 dominus
387 828 446 903 ejus
467 845 531 885 eum
550 829 712 902 perquirere
734 829 845 898 debeat,
868 837 896 885 ut
909 829 1044 901 justitiam
1061 829 1143 886 faciat
1162 831 1211 903 qui
1230 847 1294 886 cum

235 927 386 1001 conpellat.
408 927 496 985 Modo
514 942 579 982 vero
601 926 638 983 ita
650 927 854 999 prospeximus,
878 934 908 982 ut
928 927 951 984 si
968 927 1089 986 fueritin
1104 929 1295 984 Beneventum

235 1032 282 1082 aut
303 1025 332 1080 in
355 1025 477 1098 Spoliti,
508 1025 610 1081 babeat
639 1023 763 1096 spacium
794 1024 923 1080 dominus
952 1025 1010 1096 ejus
1040 1025 1192 1083 inmensis
1221 1033 1293 1090 fresa

235 1123 311 1195 quod
332 1122 355 1178 si
376 1122 459 1178 fuerit
479 1121 550 1179 intra
573 1121 694 1189 Tuscia,
728 1121 829 1178 babeat
852 1122 971 1194 spatium
992 1122 1096 1180 mensis
1117 1124 1192 1188 duo;
1225 1123 1296 1179 etsi

235 1220 318 1278 fuerit
338 1220 389 1277 ista
410 1226 487 1293 parte
509 1220 600 1290 Alpe,
633 1219 733 1274 lrabeat
762 1218 881 1290 spatium
902 1220 1122 1293 perquirendum
1149 1220 1178 1277 in
1200 1237 1295 1278 mense

235 1335 303 1390 uno,
327 1323 355 1374 et
375 1313 456 1374 faciat
473 1316 655 1388 justitiamei
678 1315 725 1389 qui
747 1333 810 1372 eum
832 1316 866 1372 de
887 1333 966 1373 servo
987 1334 1037 1374 suo
1059 1318 1208 1391 conpellat.

315 1413 387 1490 (1⁷10)
429 1417 494 1472 89.
537 1415 566 1470 Sl
588 1414 650 1488 quis
670 1415 784 1487 conjogi
806 1431 871 1471 suae
892 1421 994 1472 metam
1016 1417 1082 1473 dare
1103 1417 1235 1485 voluerit,
1260 1416 1295 1472 ita

237 1513 319 1572 nobis
342 1513 447 1584 justum
468 1528 528 1568 esse
550 1513 718 1585 conparuit,
742 1519 773 1568 ut
793 1512 841 1570 illc
862 1513 910 1586 qui
931 1520 973 1568 est
989 1513 1075 1585 judex
1097 1515 1197 1570 debeat
1218 1515 1294 1583 dare,

238 1613 261 1668 si
283 1609 410 1680 voluerit,
433 1609 463 1666 in
485 1611 590 1666 solidos
613 1627 693 1680 cccc,
717 1611 835 1684 amplius
857 1627 929 1680 non,
953 1613 1044 1668 minus
1066 1613 1208 1685 quomodo
1230 1628 1297 1668 con-

235 1709 362 1775 venerit3
385 1715 412 1767 et
432 1709 533 1782 reliqui
556 1710 662 1766 novelis
683 1708 811 1765 homenis
832 1709 951 1765 deveant
971 1709 1037 1765 dare
1058 1710 1088 1765 in
1109 1711 1213 1766 solidos
1233 1726 1294 1780 occ,

237 1806 355 1881 amplius
377 1823 452 1873 non3
476 1812 503 1863 et
523 1807 545 1862 si
565 1807 749 1880 quiscumque
769 1808 839 1863 alter
858 1806 943 1863 homo
964 1807 1057 1863 minus
1076 1807 1203 1876 uoluerit,
1228 1824 1297 1880 quo-

236 1905 321 1963 modo
348 1904 517 1963 convenerit.
559 1906 596 1961 Et
628 1905 688 1977 ipsa
719 1911 791 1960 meta
822 1904 873 1961 sub
902 1904 1094 1961 aestimatione
1118 1906 1167 1961 fiat
1187 1905 1249 1962 data
1270 1911 1298 1960 et

237 2003 424 2076 adpraetiata,
457 2007 487 2058 ut
508 2003 585 2059 nullo
607 2009 732 2076 tempore
754 2002 855 2059 exinde
876 2001 1042 2059 intentionis
1063 2010 1110 2060 aut
1130 2003 1297 2059 causationis

236 2101 399 2175 procedant.

318 2194 409 2271 (Vll.)
436 2198 503 2254 90.
526 2195 557 2252 Si
579 2195 642 2268 quis
662 2213 706 2252 res
728 2197 850 2266 alienas,
874 2214 966 2262 casas,
990 2205 1037 2257 aut
1057 2205 1159 2266 terras,
1182 2204 1229 2253 aut
1249 2213 1298 2270 pe·
1358 2185 1361 2192 ’

238 2295 337 2364 cunia,
361 2301 408 2350 aut
429 2293 547 2350 familias
568 2295 642 2350 malo
664 2295 763 2351 ordine
785 2296 958 2367 possederit,
982 2301 1009 2350 et
1029 2312 1079 2369 per
1100 2296 1189 2366 legem
1209 2301 1238 2354 et
1254 2295 1298 2368 ju·

237 2393 339 2450 stitiam
360 2398 388 2448 et
408 2408 459 2464 per
475 2390 613 2464 judicium
634 2393 735 2449 exinde
755 2391 843 2449 victus
873 2401 900 2449 et
931 2395 1062 2466 expulsus
1091 2393 1189 2463 fuerit,
1221 2393 1297 2449 aliud

237 2490 339 2548 exinde
360 2505 418 2545 non
440 2497 592 2563 conponat,
616 2490 670 2547 nisi
691 2497 765 2547 retro
788 2498 897 2564 tempos
921 2492 1020 2548 reddat
1040 2491 1126 2562 frugis
1146 2498 1174 2547 et
1194 2490 1298 2548 laboris

237 2590 288 2646 sub
316 2595 491 2658 sagramento
522 2589 558 2644 ab
587 2587 637 2645 illo
667 2589 729 2646 diae
752 2590 829 2662 quod
859 2590 961 2646 exinde
987 2589 1157 2662 conpellatio
1179 2589 1250 2645 facta
1270 2595 1298 2644 et

237 2686 418 2744 manefestata
439 2692 490 2742 est.

237 2805 244 2816 ’
320 2780 421 2857 (ΠΗ.)
464 2785 523 2842 91.
556 2784 597 2838 lle
626 2783 722 2840 scrinis
742 2784 797 2839 hoc
817 2786 1027 2858 prospeximus,
1057 2783 1158 2857 utqui
1179 2785 1297 2840 cartolas

237 2882 360 2942 scribent
389 2879 450 2937 sibe
482 2897 497 2936 a
525 2881 617 2950 legem
648 2881 914 2952 Langobardorum,
957 2883 1091 2955 quoniam
1125 2881 1298 2955 apertissima

239 2986 267 3038 ot
287 2995 360 3055 pene
383 2977 513 3035 omnibus
534 2982 600 3035 nota
622 2984 679 3048 est,
705 2979 771 3052 sibe
794 2980 828 3034 ad
849 2980 1056 3051 Romanorum,
1080 2996 1137 3036 non
1159 2980 1239 3035 aliter
1259 2978 1299 3036 fa·

239 3078 310 3148 ciat,
333 3075 387 3133 nisi
409 3075 551 3148 quomodo
573 3075 602 3132 in
624 3075 693 3149 ipsis
714 3076 823 3147 legibus
844 3083 1024 3144 conteretur3
1058 3095 1121 3136 nam
1143 3085 1239 3134 contra
1260 3078 1298 3133 le·

239 3193 302 3249 gem
312 3174 561 3245 Langobardorum
582 3180 629 3230 aut
645 3174 835 3230 Romanorum
857 3193 915 3238 non
932 3175 1062 3234 scribant.
1093 3175 1219 3244 Quodsi
1241 3191 1297 3231 non

239 3275 341 3343 sciunt,
365 3273 540 3344 interrogent
560 3273 680 3338 alteros3
711 3271 781 3328 etsi
804 3289 860 3328 non
882 3281 1030 3346 potuerent
1050 3275 1123 3346 ipsas
1144 3275 1220 3344 leges
1240 3274 1298 3345 ple-

241 3373 313 3429 niter
333 3371 415 3440 scire,
439 3387 496 3426 non
519 3369 643 3426 scribant
662 3370 736 3442 ipsas
747 3373 883 3428 cartolas:
904 3378 936 3427 ‘et
956 3371 1004 3444 qui
1025 3373 1104 3429 aliter
1124 3373 1215 3430 facere
1236 3388 1298 3445 pre-

240 3451 433 3542 sumpserant,
456 3475 598 3542 conponat
619 3469 759 3540 widrigild
780 3485 868 3528 suum.
909 3470 1033 3542 Excepto
1064 3471 1087 3526 si
1107 3470 1206 3543 aliquit
1226 3470 1299 3525 inter

241 3566 411 3628 conlibertus
428 3569 600 3634 convenerit,
623 3572 652 3622 et
671 3567 854 3640 quiscumque
876 3567 992 3639 delego
1014 3583 1061 3624 sua
1083 3567 1298 3624 subdiscendere

241 3666 370 3736 voluerit,
394 3669 422 3720 et
441 3663 578 3736 pactionis
599 3671 647 3720 aut
664 3666 863 3730 convenentias
884 3666 958 3722 inter
977 3682 1007 3722 se
1020 3666 1153 3734 fecerent,
1176 3672 1203 3722 et
1218 3664 1297 3721 ambe

241 3763 327 3839 partis
347 3767 559 3832 consenserent,
582 3760 635 3817 isto
657 3780 716 3818 non
736 3763 880 3837 inputetur
894 3771 990 3821 contra
1004 3765 1106 3835 legem,
1130 3765 1195 3837 quia
1216 3765 1298 3820 ambe

242 3863 328 3936 partis
348 3858 519 3919 volontariae
540 3859 665 3925 faciunt;
688 3866 717 3917 et
736 3861 776 3917 illi
798 3861 846 3934 qni
868 3863 936 3918 tales
950 3865 1067 3920 cartulas
1085 3861 1217 3928 scribent,
1242 3863 1299 3918 cul·

242 3962 347 4035 pavetis
368 3977 427 4016 non
448 3957 627 4015 inveniantur
648 3974 716 4017 esse.
755 3959 826 4015 Nam
847 3960 929 4031 quod·
944 3961 978 4016 ad
999 3960 1212 4017 hereditandum
1233 3977 1298 4034 per-

243 4060 323 4130 tinet,
346 4074 397 4131 per
416 4060 507 4130 legem
528 4055 659 4116 scribant.
691 4058 726 4113 Et
745 4057 810 4130 quia
839 4057 873 4112 de
895 4059 999 4117 cartola
1021 4058 1087 4115 falsa
1109 4060 1137 4114 in
1159 4059 1298 4116 anteriore

243 4158 373 4215 Edictum
394 4157 516 4213 adfixum
537 4160 588 4223 est,
612 4161 639 4212 et
660 4154 699 4212 sic
720 4140 889 4229 permaneat.

322 4252 438 4330 (VIIII.)
470 4257 533 4312 92.
564 4253 594 4309 Si
624 4253 686 4325 quis
713 4254 785 4312 liber
803 4255 887 4310 bomo
914 4255 942 4311 in
964 4263 1036 4313 terra
1057 4255 1147 4312 aliena
1168 4255 1299 4313 resedens

244 4353 379 4410 livellario
406 4352 520 4408 nomine
549 4351 732 4418 bumicidium
759 4353 868 4419 fecerit,
905 4361 932 4409 et
960 4354 1052 4424 fugam
1082 4355 1173 4428 lapsus
1202 4354 1295 4416 fuerit,

245 4458 310 4509 tunc
330 4451 378 4508 ille
399 4450 428 4508 in
449 4451 527 4524 cujus
548 4457 620 4509 terra
640 4435 700 4523 ipse
726 4451 867 4509 humicida
895 4451 1028 4510 habitavit
1054 4453 1154 4511 habeat
1179 4451 1298 4524 spatium
