3022 5144
553 460 691 505 norornu
712 459 779 504 car.
795 455 909 500 sr-aa.
1209 442 1272 504 tau

194 612 293 684 major
317 627 406 667 causa
429 611 529 679 tuerit,
557 627 607 683 per
627 616 832 668 sacramentum
854 608 1026 668 ovescarioni
1047 624 1112 666 cum
1132 609 1273 668 actoribus

194 709 369 772 liniantur3
398 708 508 765 sivero
530 707 622 763 minor
644 723 755 764 eausam
777 706 883 776 tuerit,
913 713 991 762 actor
1020 707 1138 764 deloco
1160 724 1225 765 cum
1245 726 1274 765 a-

192 805 337 862 ctoribus
360 805 514 862 secundnm
536 805 697 877 qualitatem
719 819 819 860 causac
839 803 998 874 persolvant
1017 811 1232 865 sacramentum.

285 900 385 978 (XII.)
406 907 465 961 il.
486 903 522 959 Et
542 903 595 959 hoc
613 902 764 959 definimus
786 910 816 957 ut
832 908 980 974 postquam
990 902 1080 976 jussio
1098 903 1171 974 regis
1191 902 1274 959 tuerit

195 1002 227 1056 in
252 1002 418 1058 exercitum
440 1000 661 1069 ambulandum,
690 1006 719 1056 et
739 999 923 1055 constitutum
943 1000 1065 1073 positum
1091 1001 1125 1056 ad
1146 1000 1274 1057 monitio-

198 1116 271 1154 nem
296 1098 470 1166 taciendam,
494 1099 588 1154 nullus
608 1105 753 1170 presumat
769 1077 961 1171 fidejussorem
983 1104 1032 1155 aut
1046 1097 1202 1155 debitorem
1223 1114 1275 1171 pro

196 1212 394 1269 quacumque
416 1213 498 1252 causa
520 1197 678 1268 pignerare,
701 1195 723 1251 si
745 1197 781 1252 de
802 1211 858 1252 una
876 1195 1014 1269 judicaria
1034 1195 1135 1266 luerit,
1158 1196 1194 1252 ad
1214 1196 1275 1252 dies

198 1294 365 1351 duodecim
396 1300 547 1367 antequam
574 1301 655 1350 exeat
681 1294 716 1350 ad
737 1293 968 1363 exercitandum,
1000 1294 1050 1350 sed
1069 1293 1106 1350 sit
1126 1293 1238 1366 quietus
1258 1312 1274 1351 a

198 1391 364 1447 duodecim
396 1391 456 1448 dies
483 1399 564 1448 antea
594 1398 623 1447 et
649 1390 800 1450 duodecim
828 1396 1031 1464 posteaquam
1061 1393 1096 1448 de
1121 1392 1274 1448 exercitum

200 1489 298 1546 luerit
321 1505 465 1554 reversus3
495 1491 517 1545 si
548 1495 641 1546 aulem
662 1488 697 1544 de
718 1487 780 1545 aliis
797 1487 944 1560 judicariis
965 1487 1066 1558 luerit,
1090 1489 1219 1546 similiter
1239 1489 1276 1546 sit

200 1586 334 1659 spatium
356 1587 391 1642 ad
412 1587 472 1644 dies
492 1586 609 1656 viginti:
642 1584 749 1642 namsi
772 1585 837 1657 quis
856 1584 929 1641 intra
949 1585 1001 1642 ista
1029 1587 1118 1658 spatia
1144 1586 1275 1660 pignera-

202 1684 293 1754 verit,
316 1690 459 1756 conponat
479 1684 595 1756 pignera
615 1682 690 1755 ipsa,
722 1682 794 1739 sicut
815 1681 864 1754 qui
894 1688 991 1739 contra
1011 1683 1149 1740 rationem
1170 1686 1275 1758 pignus

204 1781 371 1840 abstulerit.

295 1876 405 1952 (ultr.)
433 1880 491 1936 n.
519 1876 551 1933 Si
572 1876 760 1950 quiscumque
782 1876 866 1933 homo
884 1893 934 1949 pro
956 1875 1111 1934 bonitatem
1132 1894 1211 1935 suam
1232 1879 1275 1936 in-

204 1976 323 2033 troierit
341 1976 370 2032 in
388 1975 501 2031 servitio
521 1976 556 2031 de
571 1974 667 2048 judice
689 1980 738 2032 aut
758 1976 793 2032 de
814 1974 871 2030 alio
887 1974 1042 2043 hominem,
1066 1983 1094 2032 et
1114 1977 1276 2034 deservierit

205 2075 235 2132 ei
260 2075 303 2131 vel
326 2075 361 2130 ad
383 2073 457 2130 filius
477 2079 526 2130 aut
546 2074 581 2130 ad
604 2079 720 2145 nepotes
740 2072 849 2145 ipsius,
877 2080 905 2130 et
925 2069 1057 2130 claruerit
1078 2073 1177 2131 veritas
1198 2075 1275 2148 quod

205 2177 344 2244 parentes
365 2171 425 2243 ejus
446 2169 538 2226 omnis
558 2169 641 2226 liberi
662 2169 794 2236 luissint,
829 2176 857 2226 et
884 2178 981 2243 postea
1008 2187 1074 2228 eum
1104 2171 1133 2228 in
1161 2171 1276 2228 servitio

207 2271 347 2326 detenere
369 2268 507 2338 voluerit,
539 2267 659 2326 dicendo
681 2265 758 2341 quod
788 2284 840 2340 per
858 2268 973 2338 'triginta
1000 2287 1091 2326 annos
1117 2269 1143 2326 ei
1164 2271 1207 2328 vel
1228 2285 1277 2343 pa·

207 2367 340 2425 rentibus
360 2367 420 2439 ejus
441 2365 624 2423 deservisset:
657 2382 714 2421 non
746 2364 836 2438 possit
854 2381 920 2422 eum
947 2382 999 2438 pro
1027 2366 1081 2423 ista
1101 2367 1277 2439 possessione

210 2474 328 2528 teneres
361 2465 429 2537 quia
459 2462 625 2535 inpossibile
655 2470 697 2519 est
728 2470 756 2519 et
787 2469 886 2519 contra
916 2463 967 2520 Dei
989 2470 1174 2536 preceptum,
1208 2465 1276 2521 dum

210 2577 312 2619 omnes
333 2562 392 2634 ejus
414 2568 543 2634 parentes
564 2560 646 2617 liberi
668 2568 752 2629 sunt,
784 2568 815 2617 ut
842 2561 902 2633 ipse
923 2562 1000 2617 solus
1026 2562 1075 2634 qui
1104 2564 1277 2620 voluntariae

207 2655 362 2716 deservivit
389 2658 417 2714 in
447 2658 558 2714 servitio
589 2659 754 2714 deteneatur
774 2675 825 2731 pro
846 2660 905 2716 sola
935 2659 1119 2733 possessione.
1162 2661 1233 2718 Nam
1254 2661 1276 2716 si

208 2774 265 2830 pro
286 2757 360 2812 iurlo
383 2763 431 2811 aut
450 2771 501 2827 pro
523 2755 576 2829 alla
598 2755 723 2821 malitia,
755 2755 829 2812 sicut
849 2757 965 2813 Edictus
996 2759 1140 2828 contenit,
1172 2759 1207 2814 ad
1229 2758 1277 2814 de·
1382 2813 1387 2826 ,

208 2853 392 2912 serviendum
414 2853 443 2910 in
465 2869 565 2910 manus
585 2853 667 2910 datus
690 2854 783 2924 luerit,
807 2860 835 2910 et
854 2855 1003 2928 probatum
1024 2855 1118 2925 luerit,
1142 2857 1278 2913 deserviat

213 2960 245 3008 et
265 2952 293 3008 ln
314 2959 407 3009 antea.
450 2951 481 3008 si
510 2968 576 3008 vero
597 2947 657 3025 eju‘s
678 2960 807 3026 parentes
829 2953 1004 3026 pertinentes
1025 2953 1142 3016 tuerint,
1165 2960 1193 3009 et
1214 2953 1273 3026 ipse

212 3052 290 3106 solus
311 3051 346 3106 ad
367 3049 523 3106 libertatem
544 3051 660 3106 tendere
690 3050 830 3118 voluerit,
866 3051 888 3107 si
918 3051 978 3124 ipse
1007 3051 1164 3108 libertatem
1195 3067 1273 3107 suam

196 3148 347 3204 'edoniare
368 3164 418 3221 per
432 3149 535 3204 cartola
550 3155 599 3204 aut
616 3163 666 3220 per
684 3147 807 3204 hominis
821 3147 925 3204 liberos
943 3149 985 3206 vel
1003 3165 1053 3221 per
1069 3149 1276 3221 possessionem

210 3245 291 3317 juxta
310 3249 401 3316 legem
424 3264 479 3303 non
502 3245 636 3320 potuerit,
660 3246 797 3303 deserviat
817 3253 845 3302 et
866 3246 894 3302 in
917 3254 1009 3303 antea.

577 3437 738 3490 EXPLICIT
756 3439 910 3492 EDICTUM

526 3621 784 3702 lulsutttlt
810 3624 966 3704 nulls·
