3048 5130
546 523 684 572 sororum
707 525 774 576 cer.
789 521 852 568 ot-
868 523 904 568 eu.
1228 513 1270 576 ll
1361 591 1366 604 ἱ

200 675 401 746 venundarit,
433 677 476 732 rel
504 692 555 749 pro
577 675 670 734 devito
691 693 741 734 suo
762 677 946 735 creditoribus
967 679 1022 736 suis
1044 679 1163 750 dederit,
1187 691 1269 740 autu

199 775 325 849 puplico
347 773 501 832 intromissi
522 774 648 831 luerent:
672 791 728 830 uon
751 775 873 832 habeant
887 775 1027 834 licentiam
1044 779 1196 835 creditores
1212 780 1270 853 ejus

199 893 251 932 res
276 873 440 949 quaslilius
461 872 495 928 de
516 872 635 944 conjuge
657 889 704 929 sua
726 873 828 930 habere
849 875 977 946 vedetur,
1008 878 1050 933 rel
1077 878 1154 950 quod
1174 885 1269 952 postea

199 975 381 1048 conquisivit
400 978 446 1030 aut
466 971 608 1039 larorevit,
632 973 815 1042 repetendum
836 980 883 1029 aut
904 973 1129 1046 distrahendum,
1152 977 1200 1034 sed
1222 977 1269 1034 ha-

199 1073 276 1130 beat
297 1071 349 1130 sibi
370 1071 443 1128 fitius
464 1070 522 1143 ejus
540 1070 601 1142 jure
623 1069 730 1142 quieto.
758 1070 814 1128 ‚Sic
836 1063 928 1128 tamen
950 1080 980 1129 ut
1000 1074 1022 1130 si
1043 1091 1059 1132 a
1086 1075 1270 1134 creditoribus

199 1172 336 1244 pulsatus
358 1170 455 1237 luerit,
485 1175 597 1240 preveat
617 1175 820 1226 sacramentum
841 1171 917 1242 quod
939 1171 1077 1229 derebus
1099 1169 1200 1245 patris,
1223 1182 1270 1231 aut

197 1267 410 1335 matrissuae,
440 1267 462 1322 si
485 1265 543 1338 ipsa
569 1265 598 1321 in
620 1265 736 1322 mundio
759 1267 844 1338 patris
864 1268 923 1340 ejus
945 1277 1054 1328 mortua
1075 1271 1174 1340 luerit,
1198 1273 1267 1330 nilril

201 1375 279 1440 aput
299 1383 328 1422 se
349 1367 460 1434 habeat,
485 1380 539 1421 neo
555 1364 655 1420 alicubi
673 1366 889 1423 conmendassit
910 1374 957 1423 aut
973 1369 1167 1434 abscondissit,
1192 1377 1219 1426 et
1235 1371 1270 1428 sit

200 1466 372 1530 absolutus;
403 1461 474 1519 etsi
495 1467 590 1535 postea
612 1468 678 1535 aput
698 1479 762 1519 eum
783 1463 927 1520 inventum
947 1465 1030 1523 luerit
1055 1467 1090 1524 de
1118 1468 1201 1528 rebus
1222 1484 1270 1540 pe·

201 1561 309 1631 ternis,
332 1566 473 1633 conponat
493 1561 521 1616 in
544 1559 673 1630 octogild.
971 1549 973 1553 ’

291 1658 354 1734 (V.)
384 1659 449 1717 58.
477 1658 507 1716 Si
528 1657 620 1714 inians
641 1657 707 1714 dum
728 1657 803 1715 intra
825 1665 913 1716 aetate
935 1666 977 1716 est
997 1677 1040 1716 ros
1061 1677 1122 1718 suas
1145 1663 1269 1721 cuicum·

202 1775 266 1832 que
294 1757 452 1816 vindederit
481 1762 529 1812 aut
553 1753 776 1820 infiduciaverit,
815 1763 842 1811 et
870 1764 965 1828 postea
993 1773 1056 1816 cum
1083 1759 1113 1821 in
1146 1761 1268 1831 legitime

204 1862 302 1914 aetate
322 1855 429 1912 venerit
444 1853 596 1910 secundum
610 1853 701 1923 legem
718 1854 850 1910 cartolam
863 1853 950 1926 ipsam
964 1854 1123 1928 inrumpere
1139 1858 1266 1928 voluerit,
1296 1845 1298 1848 ¹

130 1948 133 1954 ’
205 1961 236 2012 et
259 1954 289 2010 in
311 1955 394 2011 rebus
415 1953 482 2025 ipsis
503 1951 634 2008 introire:
665 1968 721 2006 non
740 1935 843 2008 habeat
865 1953 1045 2025 ponteiiei'um
1065 1955 1114 2027 qui
1135 1955 1203 2013 emit
1223 1964 1270 2014 aut

205 2051 385 2110 infiduciarit
406 2051 481 2122 quod
502 2050 618 2106 dederat
639 2050 856 2121 requirendum3
889 2051 953 2122 quia
974 2052 1089 2124 quando
1109 2055 1270 2126 conparavit

205 2156 259 2208 aut
278 2149 450 2206 infiduciauit
470 2155 535 2205 tunc
556 2147 654 2204 debuit
672 2148 829 2220 perspicere
851 2149 915 2222 quia
936 2165 1005 2222 puer
1019 2187 1020 2192 κ
1034 2150 1093 2223 lpse
1114 2151 1186 2208 intra
1212 2159 1270 2210 eta·

206 2257 267 2306 tem
288 2255 364 2319 erat,
393 2253 421 2303 et
442 2253 538 2302 contra
559 2237 651 2316 legerit
672 2246 805 2303 iaciebat:
835 2254 862 2303 et
883 2255 995 2319 posteus
1015 2248 1195 2306 constitutum
1216 2257 1267 2314 est,

205 2354 240 2404 ut
261 2347 310 2420 qui
330 2345 403 2402 intra
424 2351 525 2401 etatem
546 2343 629 2399 luerit
650 2344 772 2400 menime
788 2344 903 2401 vindere
922 2353 969 2402 aut
985 2345 1148 2404 infiduciare
1170 2348 1267 2420 possit,

207 2446 296 2502 talem
316 2459 427 2500 causam
442 2459 506 2500 eum
522 2441 623 2498 habere
636 2440 761 2498 dicemus
781 2441 830 2514 qui
848 2440 916 2498 emit
936 2449 983 2498 aut
996 2442 1178 2515 infiduciavit,
1202 2463 1270 2519 qua-

207 2543 267 2599 lem
297 2548 324 2599 et
344 2541 392 2598 ille
405 2541 517 2618 ‘habere
538 2537 652 2594 vedetur
673 2539 721 2611 qui
747 2539 783 2595 de
804 2555 883 2596 seruo
904 2547 952 2596 aut
972 2541 1084 2598 aldione
1109 2561 1201 2602 emere
1222 2553 1270 2603 aut

207 2641 375 2698 inliduciare
396 2639 579 2708 dignoscitur.
1154 2645 1156 2648 ·

293 2736 366 2812 (Vl.)
393 2738 459 2794 uu.
488 2736 519 2792 Si
540 2735 603 2807 quis
623 2734 773 2806 gastaldius
795 2736 836 2791 vel
858 2741 945 2804 actor,
969 2745 1075 2796 curtem
1095 2737 1201 2811 regiam
1223 2741 1270 2798 ltu-

208 2838 279 2894 bens
300 2837 337 2892 ad
356 2834 580 2907 gubernandum,
604 2851 638 2889 ex
659 2833 719 2905 ipsa
740 2839 820 2889 curte
837 2833 919 2890 alicui
940 2835 1000 2892 sine
1017 2836 1174 2908 iussionem
1195 2841 1269 2911 regis
1315 2907 1317 2914 y

210 2951 274 2992 casa
296 2934 440 2992 tributaria
461 2935 504 2990 rol
526 2939 648 2997 terram,
671 2933 788 3001 silvam,
812 2932 892 3002 vitis,
922 2935 964 2990 rel
986 2941 1064 3006 prata
1084 2953 1166 2994 ausus
1188 2938 1271 2996 luerit

121 3023 124 3028 ’
211 3035 328 3104 donaro,
352 3039 400 3090 aut
420 3032 442 3088 si
463 3031 581 3103 amplius
603 3025 686 3103 quarn
701 3030 856 3102 jussionem
878 3031 961 3090 luerit
981 3033 1048 3090 dare
1060 3036 1268 3108 presumpserit,
1334 3109 1335 3114 η

210 3134 255 3189 rel
272 3132 298 3188 si
320 3130 473 3203 requirere
487 3129 642 3200 neglexerit
662 3128 739 3200 quod
760 3145 810 3200 per
831 3128 954 3186 trondem
977 3133 1076 3190 tultum
1097 3138 1152 3190 est:
1176 3133 1270 3190 omniu

210 3229 271 3302 ipse
292 3229 340 3302 qni
374 3229 427 3286 huc
457 3234 554 3284 contra
572 3227 725 3299 jussionem
748 3227 824 3298 regia
846 3228 935 3284 lacere
957 3239 1039 3286 ausus
1061 3229 1143 3287 luerit
1172 3231 1200 3288 in
1222 3233 1272 3288 du-

210 3329 288 3384 blum
310 3325 431 3398 astogild
452 3332 610 3397 conponat,
634 3325 704 3381 sicut
731 3325 779 3398 qui
803 3341 847 3382 res
868 3327 959 3397 regias
979 3328 1097 3394 iuravit3
1120 3336 1147 3384 et
1167 3329 1190 3386 si
1210 3329 1269 3402 ipse

211 3419 293 3484 antea
311 3433 436 3483 mortuus
457 3425 540 3481 luerit
560 3442 642 3498 quam
661 3425 733 3481 lraus
754 3424 812 3496 ipsa
830 3432 971 3498 appareat,
994 3425 1104 3483 heredis
1124 3427 1182 3500 ejus
1203 3445 1270 3484 con·

211 3533 319 3598 ponant
339 3525 410 3582 siout
430 3539 512 3596 supra
534 3523 643 3594 legitur.
666 3523 735 3578 Nam
755 3521 778 3578 si
799 3539 850 3594 per
868 3530 992 3580 actorem
1006 3524 1079 3581 treus
1094 3524 1163 3581 lacta
1176 3525 1267 3596 luerit,

211 3631 239 3680 et
266 3629 347 3680 antea
376 3637 459 3695 quam
487 3621 523 3676 ad
551 3627 673 3677 nostram
698 3620 841 3692 perveniat
870 3621 1007 3678 noditiam
1037 3621 1111 3681 iraus
1140 3623 1270 3696 ipseper

177 3731 181 3740 ’
212 3721 376 3790 gastaldium
388 3721 529 3776 inventam
542 3719 633 3787 luerit,
657 3717 757 3774 lrabeat
780 3718 839 3790 ipse
857 3719 1007 3790 gastaldius
1028 3721 1063 3776 de
1074 3721 1268 3792 conpositione

212 3834 296 3890 quam
317 3826 394 3876 actor
414 3833 576 3888 conponere
598 3815 672 3874 derit
691 3823 798 3888 partem
820 3817 943 3883 tertiam,
967 3823 995 3874 ct
1016 3818 1083 3874 duas
1104 3825 1193 3890 partes
1214 3820 1270 3878 sint

213 3917 241 3972 in
264 3915 348 3973 curtis
370 3915 454 3986 regio.
496 3914 574 3970 Etsi
596 3931 647 3986 per
667 3913 863 3988 qualicumque
885 3916 1030 3972 hominem
1051 3916 1127 3989 prius
1155 3917 1190 3974 ad
1218 3934 1268 3973 no-

212 4022 296 4070 stram
318 4011 475 4086 pervenerit
496 4012 641 4083 notitiam,
665 4029 748 4086 quam
769 4030 820 4085 per
841 4015 974 4086 gastaldio
997 4013 1106 4070 inventa
1129 4015 1180 4082 sit,
1204 4022 1270 4072 tunc

212 4111 369 4182 conpositio
401 4111 460 4183 ipso
491 4110 519 4166 in
552 4111 692 4182 integrum
725 4109 806 4168 nobis
836 4120 864 4168 et
895 4113 964 4168 curti
994 4116 1087 4166 nostre
1117 4121 1268 4183 perteneat.

213 4209 296 4277 Quod
317 4209 339 4266 si
359 4209 444 4280 judex
466 4218 512 4264 out
533 4216 609 4264 actor
629 4210 671 4264 vel
684 4209 902 4266 heredisoorum
920 4207 1018 4282 pulsati
1037 4226 1052 4264 a
1068 4210 1149 4266 nobis
1166 4210 1270 4267 luerint

212 4308 286 4379 quod
311 4307 467 4376 neglectum
489 4305 611 4362 lecissint
631 4307 665 4362 ad
687 4308 874 4379 exquirendas
894 4323 937 4363 ros
960 4315 1083 4376 nostres,
1108 4315 1135 4364 et
1155 4307 1208 4380 ipsi
1228 4309 1270 4366 di-

212 4412 310 4462 xerent
340 4404 417 4478 quod
441 4403 531 4476 ipsam
559 4405 684 4462 fraudem
706 4406 858 4463 nescissent
882 4412 909 4463 et
930 4405 1037 4462 nullum
1059 4405 1207 4464 neclictum
1228 4407 1269 4466 ie-

212 4502 330 4574 cissent,
357 4509 490 4576 prereent
510 4502 540 4559 in
562 4503 609 4560 tali
632 4503 732 4562 'ordine
753 4510 972 4575 sacramentum,
1001 4509 1030 4562 et
1057 4503 1171 4576 dicant,
1201 4505 1268 4580 quia
