3022 5144
541 519 678 564 nnrcrun
701 520 770 566 cur.
788 517 932 564 tsi-na.
1208 510 1269 572 101

212 669 350 740 babuerit,
375 687 431 726 non
453 670 487 726 sit
508 671 658 743 culpavelis
679 671 727 728 ille
749 671 797 744 qui
820 689 884 729 eum
905 687 1037 745 recepere
1059 674 1194 740 noluerit,
1218 693 1272 733 nec

212 767 271 840 ipse
293 769 340 840 qui
363 769 429 824 dare
458 767 532 824 desit
560 769 646 841 possit
671 786 700 825 se
722 787 854 828 excusare
882 788 898 826 a
919 771 1031 843 culpam
1052 771 1173 828 dicendo
1195 775 1272 846 quod

213 866 391 937 fidejussores
418 874 528 937 paratus
559 867 709 924 habuissit:
747 869 812 940 quia
832 868 1032 940 inpossebilem
1064 877 1119 934 est,
1152 876 1182 925 ut
1210 871 1272 928 talis

203 964 365 1038 lidiussoris
386 965 470 1020 bomo
491 964 616 1036 recipiat,
640 965 687 1038 qui
710 965 767 1020 non
789 966 903 1036 habent,
926 965 976 1022 etsi
998 966 1115 1039 amplius
1137 983 1206 1038 non,
1229 970 1271 1025 rel

211 1069 347 1134 ¹quantum
367 1062 457 1134 ipsum
479 1061 601 1117 desitum
624 1062 715 1131 luerit,
740 1063 816 1134 quod
836 1063 935 1119 tollere
956 1065 1049 1119 locum
1066 1063 1191 1136 pigneris
1207 1082 1273 1137 pos-

212 1160 256 1216 sit.
286 1160 321 1214 Et
349 1159 372 1215 si
403 1161 437 1214 de
460 1159 581 1231 presenti
602 1160 731 1216 babuerit
752 1162 826 1217 unde
856 1161 922 1216 dare
951 1161 1013 1218 talis
1042 1162 1196 1218 lidiussoris
1223 1163 1272 1236 qui

212 1242 367 1329 recipiendi
389 1265 462 1327 sunt,
486 1273 551 1313 ecce
572 1259 663 1322 bene;
686 1259 709 1314 si
730 1265 823 1315 autem
844 1258 903 1331 ipsa
925 1274 972 1315 ora
994 1276 1052 1315 non
1075 1259 1212 1330 babuerit,
1235 1261 1271 1317 sit

212 1357 336 1427 spacium
357 1357 391 1411 de
413 1357 500 1427 ipsam
522 1357 640 1412 wadiam
663 1364 716 1413 tres
738 1357 799 1414 dies
819 1357 880 1413 sine
901 1358 1029 1429 culpam,
1060 1364 1087 1413 et
1107 1364 1203 1430 postea
1224 1359 1272 1415 de·

211 1453 274 1508 beat
296 1454 361 1509 dare
383 1453 444 1509 talis
465 1453 626 1510 fidiussores
647 1454 695 1526 qui
711 1455 833 1510 babeant
852 1455 927 1510 unde
946 1457 1105 1528 persolvant
1127 1457 1203 1529 quod
1224 1457 1272 1512 de·

210 1551 282 1607 vitor
302 1553 368 1607 dare
390 1552 506 1617 debuit3
534 1553 556 1607 si
586 1570 650 1608 vero
679 1553 797 1625 amplius
819 1551 975 1609 dilataverit
1005 1554 1175 1625 fidejussoris
1203 1555 1272 1611 dan·

211 1649 287 1719 dum,
310 1649 382 1705 sicut
402 1657 483 1706 antea
504 1650 648 1706 statuimus
670 1649 710 1706 sic
731 1658 882 1722 conponat.

290 1779 392 1857 (Xlll.)
422 1785 508 1840 les).
537 1783 772 1840 lntervenientem
792 1783 941 1839 vanissima
971 1789 999 1839 et
1019 1783 1209 1855 superstitiosa
1229 1787 1273 1840 rel

213 1880 313 1952 cupida
334 1881 492 1937 soasionem
513 1865 784 1954 etperversionem,
819 1881 947 1953 apparuit
973 1882 1058 1936 modo
1088 1880 1117 1936 in
1139 1881 1181 1936 bis
1204 1888 1274 1936 tem-

213 1978 339 2050 poribus,
371 1997 442 2052 quae
468 1980 580 2034 inlecita
607 1980 689 2035 nobis
715 1981 759 2035 vel
787 1981 894 2035 cunctis
917 1979 1018 2034 nostris
1043 1979 1183 2050 judicibus
1206 1995 1273 2035 con·

208 2076 317 2147 junctio
339 2093 399 2133 esse
421 2079 528 2150 paruit,
560 2095 643 2151 quarn
665 2079 757 2133 adulte
788 2083 816 2133 et
837 2078 895 2149 jam
915 2083 1022 2133 mature
1052 2083 1139 2132 aetate
1167 2076 1272 2132 lemine

210 2175 378 2246 copulabant
398 2175 458 2231 sibe
479 2178 609 2247 puerolus
631 2177 759 2249 parvolus
780 2182 809 2231 et
828 2175 901 2230 intra
923 2180 1024 2230 etatem
1044 2173 1222 2244 legelimam,
1246 2180 1274 2229 et

211 2271 342 2328 dicebant
368 2274 444 2344 quod
475 2273 515 2327 vir
547 2273 604 2344 ejus
634 2273 781 2344 legetimus
802 2289 862 2328 esse
884 2271 1006 2340 devenit,
1038 2272 1104 2328 dum
1131 2271 1222 2327 adbuc
1243 2287 1272 2326 se

210 2385 273 2424 cum
294 2370 355 2440 ipsa
376 2369 492 2426 miscere
513 2371 636 2426 menime
657 2369 761 2428 velerit.
792 2371 873 2426 Nunc
893 2370 987 2442 itaque
1011 2375 1130 2425 statuere
1152 2368 1273 2441 previdi-

211 2483 281 2536 mus,
306 2469 431 2524 utnulla
453 2469 553 2524 amodo
576 2469 679 2523 semina
702 2469 791 2524 lacere
813 2474 974 2540 presumat,
1008 2467 1061 2522 nisi
1083 2467 1106 2522 si
1127 2475 1207 2539 pater
1226 2474 1274 2523 aut

211 2565 285 2620 avius
307 2565 385 2637 pueri
407 2583 469 2622 cum
491 2567 612 2636 legetimi
645 2567 769 2638 parentis
791 2568 883 2637 puelle
913 2567 967 2620 boc
988 2567 1078 2621 tacere
1099 2565 1271 2637 previderit3

212 2679 274 2717 nam
306 2663 327 2718 si
356 2679 425 2734 puer
455 2670 656 2734 postmortem
679 2664 764 2735 patris
785 2669 832 2719 aut
852 2662 904 2719 avii
927 2663 970 2718 sui
997 2663 1069 2718 intra
1090 2669 1209 2719 aetatem
1230 2680 1274 2718 re·

210 2761 361 2828 manserit,
393 2769 421 2816 et
449 2761 474 2816 ei
496 2777 525 2816 se
548 2761 757 2834 qualiscumque
780 2761 901 2831 femina,
936 2761 1174 2834 antequamipse
1204 2776 1274 2833 puer

211 2858 402 2914 tertiodecimo
420 2875 495 2914 anno
512 2860 651 2930 conpleat,
675 2861 805 2930 copulare
817 2859 1028 2931 presumpserit,
1053 2858 1174 2914 dicendo
1197 2858 1273 2930 quod

210 2956 349 3026 legitimus
370 2956 484 3012 maritus
505 2956 564 3027 ejus
586 2974 645 3013 esse
667 2958 785 3027 debeat,
808 2957 893 3013 inrita
913 2957 948 3012 sit
968 2956 1028 3029 ipsa
1050 2955 1221 3028 conjunctio,
1246 2960 1274 3009 et

211 3037 373 3125 separentur
394 3055 428 3110 ab
449 3055 577 3112 invicem.
621 3054 737 3110 Femina
762 3071 828 3110 vero
850 3054 909 3127 ipsa
930 3061 1083 3110 revertatur
1104 3070 1189 3109 vacua
1210 3062 1273 3109 oum

212 3151 393 3224 obproprium
409 3168 499 3221 suum,
520 3160 547 3208 et
564 3169 621 3207 non
637 3153 738 3208 habeat
754 3159 918 3224 potestatem
940 3151 995 3206 alio
1010 3152 1069 3206 viro
1091 3167 1121 3206 se
1142 3151 1273 3222 copulare

212 3250 278 3304 dum
298 3249 357 3322 ipse
371 3251 501 3321 puerolus
523 3250 557 3305 ad
577 3259 695 3306 aetatem
712 3251 897 3323 suprascripta
913 3249 1086 3322 pervenerit:
1110 3247 1271 3321 siquidem,

210 3349 269 3420 ipsa
290 3348 395 3421 inpleta
415 3355 526 3419 etatem,
550 3366 620 3422 puer
640 3350 699 3422 ipse
721 3350 774 3405 sibi
796 3365 856 3406 eam
878 3365 993 3404 onorem
1018 3346 1122 3402 habere
1142 3346 1271 3413 voluerit,

211 3447 311 3502 babeat
330 3447 487 3513 licentiam3
511 3455 538 3502 et
559 3447 580 3502 si
606 3464 666 3503 eam
689 3448 827 3511 noluerit,
851 3448 931 3502 tollat
951 3445 1004 3500 sibi
1026 3447 1141 3501 alteram
1162 3445 1274 3516 qualem

211 3545 329 3600 voluerit
349 3553 395 3601 aut
416 3545 544 3616 potuerit.
567 3545 618 3601 llla
639 3562 715 3613 vero,
739 3544 762 3599 si
783 3544 818 3598 ad
839 3543 924 3598 alium
944 3541 1079 3598 maritum
1093 3541 1275 3597 ambolaverit

212 3649 239 3697 et
269 3643 327 3715 ipse
353 3643 485 3714 puerulus
512 3661 573 3698 eam
601 3644 702 3699 habere
731 3641 863 3705 noluerit,
888 3657 947 3696 non
969 3639 995 3696 ei
1017 3639 1105 3712 possit
1124 3655 1191 3695 vero
1219 3654 1270 3694 suo

211 3741 260 3812 qui
281 3757 341 3796 eam
363 3740 435 3795 tollit
456 3741 575 3812 pleniter
595 3741 679 3796 mefio
703 3741 768 3795 dare
789 3741 860 3795 sicut
880 3740 915 3796 ad
942 3739 1026 3794 aliam
1053 3737 1192 3811 puellam,
1224 3735 1273 3790 sed
1354 3733 1357 3746 '

140 3889 143 3894 .
211 3839 403 3894 tantummodo
425 3837 619 3893 mediaetatem
640 3838 711 3893 sicut
731 3838 766 3894 ad
788 3837 898 3892 viduam
927 3837 1085 3892 mulierem.
1130 3831 1185 3901 Qui
1206 3849 1272 3888 vero

212 3954 329 4009 puerum
349 3937 441 4009 ipsum
463 3936 594 4001 suaserit,
627 3937 688 3992 sibe
709 3921 831 4008 parentis
854 3936 912 4007 ejus
933 3937 1009 4000 sint,
1042 3931 1102 3990 sibe
1124 3938 1273 3986 extraneos

212 4036 317 4103 bomo,
346 4042 488 4105 conponat
508 4035 612 4091 solidus
634 4044 765 4105 centum,
790 4036 968 4092 medietatem
989 4033 1065 4102 regi,
1094 4029 1272 4086 medietatem

212 4133 247 4189 ad
268 4133 359 4204 ipsum
380 4135 535 4205 puerolum.

548 4275 676 4316 EXPLICIT
697 4277 735 4316 ml
756 4273 829 4316 tutto
850 4274 939 4318 xvntl.
