3048 5130
237 491 279 556 i8
632 509 786 556 uouuuuvs
809 509 901 555 amors

235 661 341 720 solidos
362 677 404 727 ης
427 675 491 716 nam
511 658 534 716 si
555 659 585 715 in
606 665 686 718 antea
707 677 772 716 eum
787 662 947 732 cavalegare
964 659 1172 736 presumpserit,
1196 664 1224 716 et
1242 659 1295 714 ‹lo-

236 761 343 818 minum
365 775 420 814 non
443 758 591 828 rogaverit,
614 758 643 814 in
665 759 787 830 aetogild
809 759 916 820 reddat

317 859 400 916 841.
422 853 474 928 (De
502 857 660 927 suppurare
690 854 818 930 corolla.)
862 857 891 913 Si
920 857 982 930 quis
1010 857 1144 914 cavallum
1172 856 1295 914 alienum

237 958 374 1032 preterit,
406 955 553 1027 ipsumque
574 953 780 1024 disfiguraverit
799 960 826 1010 et
847 941 1047 1026 seminaverit,
1070 955 1144 1011 iurto
1166 971 1238 1027 pena
1259 955 1295 1011 sit

238 1053 398 1129 culpavelis,
421 1051 450 1108 id
472 1057 512 1106 est
532 1049 561 1106 in
583 1051 705 1122 actogiid
726 1049 778 1108 sibi
801 1067 917 1110 nonum.

318 1154 405 1210 848.
448 1149 477 1204 Si
499 1148 561 1220 quis
583 1149 717 1206 cavallum
738 1148 861 1206 alienum
878 1156 925 1207 aut
943 1149 1214 1222 quislevitpeeulius‚
1237 1167 1296 1208 ere·

237 1251 307 1308 deus
327 1263 418 1313 suum,
442 1245 569 1318 preserit,
593 1252 621 1302 et
640 1246 771 1302 dominus
795 1247 941 1320 proprium
960 1263 1024 1304 eum
1044 1249 1221 1318 cognoverit,
1250 1265 1296 1306 ca·

237 1346 413 1418 lomniaquae
435 1358 568 1413 generare
589 1345 726 1399 voluerit:
750 1344 788 1402 ite
810 1344 997 1410 decernimus,
1021 1352 1050 1402 ut
1072 1354 1182 1418 preveat
1203 1361 1296 1418 sagru-

238 1451 362 1503 meutum
391 1442 437 1500 ille
466 1443 514 1514 qui
541 1459 604 1498 eum
635 1441 743 1507 tenuit,
773 1441 837 1514 quia
866 1457 922 1498 non
944 1448 1005 1498 asto
1026 1459 1078 1500 nee
1099 1445 1190 1518 aliqua
1211 1461 1295 1502 eausa

237 1543 385 1600 facientem
406 1556 470 1596 eum
491 1539 592 1612 presit,
616 1539 663 1595 sed
686 1539 810 1596 crededit
831 1555 910 1596 suum
932 1539 1032 1605 luisse,
1059 1548 1087 1597 et
1107 1543 1142 1599 sit
1163 1545 1295 1600 exulatus

239 1643 346 1714 aculpa
363 1638 438 1708 lorti,
461 1643 488 1692 et
498 1637 596 1694 reddat
611 1638 745 1694 cavallum
764 1637 878 1711 proprio
895 1637 1010 1694 domino
1024 1639 1146 1708 inlesus3
1169 1641 1191 1698 si
1203 1647 1295 1698 autem

240 1757 297 1796 nou
320 1735 517 1812 presumpserit
534 1735 637 1808 jurare,
661 1736 759 1792 reddat
778 1753 842 1792 eum
861 1736 891 1791 in
913 1736 1043 1808 aetogild,
1067 1739 1131 1812 quia
1149 1747 1295 1812 postquam

239 1837 370 1910 cognovit
398 1833 474 1908 quod
494 1849 574 1889 suum
597 1849 653 1889 non
675 1832 742 1902 luit,
774 1850 840 1889 mox
862 1833 958 1890 debuit
979 1835 1093 1909 proprio
1115 1837 1230 1894 domino
1251 1838 1295 1895 in·

239 1941 399 1992 notescere:
423 1947 487 1988 nam
508 1930 531 1987 si
547 1947 620 2000 eum,
644 1937 789 2003 postquam
807 1931 969 2001 cognoverit
987 1933 1063 2004 quod
1080 1950 1144 1990 suos
1160 1935 1292 2007 nonfuit,

239 2030 399 2100 ascinderit,
423 2028 459 2086 sit
478 2028 639 2101 culpavelis,
662 2035 805 2101 utsupra,
828 2029 933 2086 solidus
954 2031 1021 2086 duo.

318 2131 405 2189 848.
429 2125 880 2200 (Depieolioiadomooioueoto.)
903 2127 932 2182 Si
950 2128 1012 2200 quis
1028 2130 1161 2186 eavallum
1172 2131 1294 2188 alienum

237 2235 285 2287 aut
304 2226 421 2300 quolivit
441 2223 580 2296 peculium
601 2224 733 2279 damnum
754 2222 901 2281 facientem
921 2223 1074 2297 invenerit,
1097 2227 1243 2302 ipsumque
1264 2230 1293 2286 in

238 2332 345 2384 curtem
366 2321 542 2390 inclauserit‚
572 2327 598 2376 et
620 2336 676 2376 non
697 2320 804 2376 venerit
824 2327 914 2378 certus
935 2322 1066 2381 domiuus
1094 2325 1142 2396 qui
1164 2342 1227 2383 eum
1248 2343 1295 2384 eo-

238 2429 370 2496 gnuscot:
392 2427 459 2476 tuno
479 2419 526 2475 ille
548 2418 595 2491 qui
617 2434 681 2474 eum
701 2417 730 2474 in
746 2418 878 2475 damnum
893 2419 1000 2477 invenit
1015 2421 1096 2479 ducat
1113 2439 1177 2480 eum
1197 2425 1232 2481 ad
1250 2409 1294 2498 ju·

239 2523 331 2579 dicem
351 2519 399 2594 qui
420 2519 449 2575 iu
470 2518 533 2573 loeo
555 2516 698 2573 ordinatus
720 2523 770 2587 est,
793 2524 840 2574 aut
860 2525 935 2575 certe
956 2526 1020 2576 aute
1041 2521 1155 2578 eeclesia
1177 2522 1206 2578 in
1227 2540 1295 2581 ooo-

238 2625 332 2689 vento,
355 2632 442 2689 usque
464 2622 589 2688 quartam
611 2623 639 2670 et
659 2615 784 2686 quintam
805 2613 904 2686 vicem,
927 2623 955 2673 et
971 2619 1100 2676 omnibus
1115 2637 1211 2677 vocem
1232 2637 1295 2694 pre-

239 2716 322 2789 gonia
343 2714 502 2794 immiscet,
526 2712 591 2785 quia
614 2711 750 2769 &uotum
770 2715 873 2782 inueni,
897 2723 921 2771 et
940 2719 1028 2772 erecto
1048 2721 1123 2791 eujus
1142 2722 1186 2778 ait.
1215 2719 1293 2777 Etsi

239 2831 296 2871 nou
319 2812 426 2870 venerit
445 2809 494 2885 qui
515 2826 578 2866 eum
595 2814 756 2880 cognuscat,
776 2809 901 2882 juvemus
924 2819 953 2867 ut
972 2813 1018 2870 ille
1039 2817 1087 2887 qui
1109 2833 1174 2873 eum
1189 2817 1295 2875 invenit

238 2910 370 2970 cavalecit
399 2915 427 2966 et
453 2907 590 2964 custodiat
610 2912 750 2980 tamquam
772 2923 851 2963 suum
872 2909 1035 2982 proprium,
1069 2919 1096 2968 et
1125 2913 1148 2970 si
1169 2923 1293 2972 mortuus

238 3009 321 3068 luerit
349 3008 427 3078 sigua
456 3006 491 3062 de
512 3005 573 3078 ipso
595 3004 672 3061 corio
694 3005 848 3070 conservit,
872 3013 901 3062 ut
921 3023 984 3064 eum
1004 3011 1112 3067 venerit
1132 3019 1223 3070 certus
1243 3013 1295 3070 do·

238 3108 341 3178 minus,
364 3106 466 3163 habeat
487 3104 561 3177 quod
583 3103 609 3160 ei
631 3104 799 3161 ostenderit:
830 3121 894 3161 uam
914 3105 937 3162 si
958 3105 1009 3164 ista
1031 3109 1183 3179 neglexerit
1203 3110 1294 3184 etiu-

238 3213 351 3263 ventum
371 3203 464 3273 luerit,
487 3202 540 3259 sibi
562 3218 668 3258 nonum
689 3217 752 3258 eum
773 3202 886 3269 redden
909 3210 936 3260 et
956 3205 979 3260 si
1001 3205 1052 3262 iste
1072 3208 1178 3264 cautela
1200 3208 1294 3266 obser·

238 3303 350 3373 voverit,
374 3302 426 3358 erit
446 3287 573 3358 exol'utus
594 3317 609 3357 o
630 3299 776 3358 calomnia.

319 3403 407 3458 844.
433 3397 484 3473 (De
513 3401 613 3471 piratio
641 3405 699 3454 osto
724 3401 755 3454 ive
781 3401 882 3454 domno
907 3402 996 3459 mireo.
1039 3401 1069 3458 Si
1090 3402 1152 3474 quis
1173 3404 1293 3461 cavallos

238 3503 286 3556 aut
306 3504 430 3554 armenta
451 3502 510 3553 asto
532 3496 625 3553 auimo
653 3495 683 3552 ia
704 3511 822 3552 messem
843 3495 964 3555 alienam
983 3498 1080 3555 autin
1101 3508 1179 3572 prato
1200 3503 1240 3557 vel
1263 3500 1292 3558 in

240 3595 362 3670 quolerit
382 3594 514 3652 damnum
534 3592 658 3664 miserit,
692 3599 834 3668 conponat
859 3610 910 3667 per
939 3602 1023 3670 eaput
1052 3597 1173 3654 solidum
1194 3615 1289 3670 unum,

239 3699 355 3767 excepto
377 3693 509 3749 damnum
529 3692 600 3749 sicut
619 3691 781 3749 arbitratum
802 3692 885 3751 luerit
905 3700 933 3750 et
958 3694 1013 3752 loei
1035 3697 1206 3754 cousuetudo
1233 3703 1290 3753 est:

239 3793 279 3850 sic
300 3799 392 3850 tamen
413 3790 436 3847 si
456 3796 549 3862 pastor
569 3806 627 3846 uon
649 3791 785 3847 ausaverit
801 3791 894 3864 jurare
916 3793 991 3864 quod
1020 3799 1079 3851 asto
1109 3796 1203 3851 auimo
1233 3811 1291 3851 nou

238 3890 368 3956 misissit;
397 3887 633 3961 melioraverit,
666 3889 701 3946 sit
721 3888 848 3946 exolutus
868 3907 884 3946 a
912 3892 1012 3965 eulpa,
1042 3891 1174 3950 damnum
1200 3898 1292 3951 autem

239 3993 389 4062 conponat.

318 4086 408 4144 848.
450 4084 479 4142 Si
500 4084 563 4159 quis
583 4101 668 4159 porco
689 4092 736 4143 aut
754 4102 870 4159 peeoras
898 4093 957 4144 asto
985 4087 1080 4144 auimo
1107 4087 1137 4144 iu
1159 4087 1306 4156 damnum,

238 4183 351 4240 alterius
360 4183 478 4254 miserit,
499 4189 527 4240 et
544 4183 567 4240 si
582 4199 639 4241 nou
656 4185 793 4242 ausaverit
813 4185 917 4258 jurare,
933 4191 1074 4259 conponat
1088 4184 1178 4243 solido
1191 4202 1288 4257 uuum,

239 4287 355 4354 exeepto
375 4282 519 4339 damnum.

317 4380 408 4438 846.
449 4379 480 4437 Si
507 4379 570 4454 quis
599 4380 739 4453 peculium
764 4381 799 4438 de
826 4381 958 4438 damnum
979 4383 1015 4440 ad
1033 4382 1186 4440 clausuram
1202 4380 1292 4438 mina-

238 4474 327 4552 verit,
360 4482 388 4532 et
412 4476 460 4533 ille
481 4477 526 4535 oui
547 4477 671 4551 peculius
692 4487 735 4536 est
754 4480 780 4537 ei
801 4479 987 4551 anoesteterit,
1010 4487 1151 4553 conponat
1169 4479 1290 4538 solidum
