3022 5144
535 558 673 618 nonermr
696 559 763 606 ear.
798 553 900 600 e-u.
1207 535 1280 598 dii

221 713 295 767 mine
314 713 418 782 quinto,
442 712 486 767 die
505 711 682 792 idendorum
700 711 879 778 mertiorum,
903 710 1051 766 indictione
1071 709 1193 780 septimo,
1217 725 1281 765 con-

221 812 323 866 eocotie
350 826 383 866 ee
412 809 525 866 diensis
552 811 676 879 pertibus
704 810 782 880 regni
808 810 896 864 nostri
913 809 1109 878 pertinentibus
1129 808 1279 880 judicibus,

222 924 360 964 commune
386 909 527 964 eonsilium
546 909 578 963 in
596 907 689 963 Edictt'
708 909 813 978 popina
833 908 917 978 odfigi
935 908 1078 963 etotairnne
1103 921 1154 977 qne
1178 907 1281 976 precel-

223 1007 321 1062 lentioe
340 1013 430 1062 nostre
444 1007 528 1077 inacte
547 1004 634 1061 Deum
649 1006 726 1076 jacca
746 1012 964 1075 cooperuerunt,
982 1006 1110 1075 quatinus
1130 1011 1155 1059 et
1170 1006 1281 1077 justitie

221 1111 341 1172 monent,
359 1112 411 1160 ato
425 1110 580 1159 nostrorum
585 1104 710 1173 judicent
715 1103 822 1172 judicio
832 1105 919 1158 ornnir
928 1103 1080 1159 obrcnritee
1091 1103 1279 1158 inluminatur.

303 1199 354 1272 (l.)
385 1203 448 1258 10.
475 1199 635 1256 lteeolimun
661 1199 737 1254 enim
765 1199 794 1255 iu
816 1197 964 1256 anterioris
985 1199 1075 1256 Edicti
1097 1199 1199 1272 pagina
1220 1215 1280 1255 esse

221 1297 366 1362 insertum,
390 1305 419 1353 ut
440 1296 463 1354 si
485 1297 568 1353 irater
587 1295 731 1352 decaderit
751 1297 857 1368 absque
877 1296 953 1365 filiis,
975 1296 1103 1366 filiabus,
1126 1305 1155 1353 et
1171 1311 1281 1353 sereres

220 1394 395 1468 relinquerit,
419 1395 494 1466 ipsae
516 1393 543 1450 ei
564 1393 681 1448 beredes
702 1393 894 1458 succederinta
917 1409 982 1450 nam
1003 1394 1147 1452 amedanis
1167 1410 1281 1451 suerum

220 1501 355 1565 nepotum
380 1492 571 1565 possesionem
597 1507 697 1562 capere
724 1490 889 1547 nullumodo
917 1491 1069 1563 potebant,
1112 1492 1178 1566 quia
1209 1490 1280 1549 nibil

221 1591 256 1646 de
276 1590 384 1646 eisdem
405 1588 586 1647 amedanibus
607 1586 684 1660 prior
697 1587 860 1644 continebat
875 1588 1000 1658 Edictus,
1028 1589 1082 1646 nisi
1103 1598 1152 1647 aut
1171 1606 1282 1648 sereres

222 1695 268 1744 aut
288 1696 417 1760 parentes
439 1686 590 1761 propinqui
612 1685 812 1744 succedebant:
837 1691 864 1742 et
885 1688 951 1743 dum
971 1687 1154 1745 remanebant
1180 1689 1210 1744 in
1237 1703 1283 1746 ea-

222 1787 308 1858 pille,
331 1785 368 1844 in.
382 1802 445 1844 casa
465 1784 625 1842 inordinate
647 1785 784 1857 patientes
806 1783 1014 1842 neccessitatem
1035 1785 1119 1841 servis
1140 1801 1169 1841 se
1196 1786 1282 1857 cepu-

222 1884 325 1942 labaut.
368 1883 446 1952 ldae,
467 1883 528 1938 Dee
550 1881 631 1939 uobis
649 1881 844 1954 inspirantem,
868 1888 987 1940 statuere
1006 1882 1184 1955 previdimus,
1207 1890 1238 1938 ut
1258 1883 1280 1939 si

221 1981 283 2054 quis
303 1981 506 2051 Langobardos
535 1980 660 2036 moriens
681 1996 807 2036 sorerem
828 1996 912 2036 unam
939 1989 987 2036 aut
1008 1981 1101 2052 plures
1122 1981 1150 2037 in
1178 1980 1280 2054 capillo

221 2078 250 2135 in
272 2095 335 2136 oasa
355 2077 511 2150 reliquerit,
535 2085 563 2134 et
583 2078 672 2134 filium
687 2094 773 2133 uuum
795 2083 842 2134 aut
856 2078 962 2150 plures,
984 2077 1034 2134 filii
1053 2077 1139 2150 ipsius
1160 2079 1282 2165 debeant

221 2192 390 2249 perpensare
412 2175 531 2249 qualiter
561 2177 711 2233 amedanes
731 2192 829 2232 eorum
850 2176 954 2248 absque
977 2177 1167 2233 necessitatem
1188 2177 1280 2233 rivere

221 2275 498 2346 posseutsecuudum
510 2273 672 2346 qualitatem
682 2273 851 2330 substantiae
861 2290 939 2344 snae,
963 2276 1152 2332 utamedanee
1168 2274 1280 2331 illerum

220 2370 404 2442 indigentiam
426 2388 483 2427 non
505 2373 647 2444 patrantur
668 2387 758 2444 neque
780 2371 814 2428 de
827 2371 940 2436 vietum,
965 2388 1056 2444 neque
1078 2373 1114 2428 de
1132 2372 1281 2429 vestimen-

221 2475 289 2539 tum,
314 2486 404 2542 neque
426 2468 676 2538 decaleiamento,
701 2468 749 2523 sed
771 2485 823 2525 nec
844 2469 879 2524 de
901 2470 1065 2542 obsequium
1087 2486 1186 2537 suum;
1209 2478 1237 2526 et
1256 2470 1279 2527 si

220 2567 249 2624 in
271 2583 350 2624 sacro
370 2567 541 2624 monasterie
562 2567 614 2623 sub
635 2573 736 2623 statuta
756 2568 852 2638 regula
873 2567 964 2624 nuere
984 2569 1134 2638 voluerint,
1157 2569 1193 2625 ab
1213 2567 1280 2641 ipsis

219 2666 276 2722 suis
297 2667 445 2738 nepotibus
466 2665 632 2722 ordinentur
653 2671 683 2720 ut
703 2664 757 2722 illis
775 2665 931 2737 praevisum
946 2664 1030 2722 luerit
1049 2667 1279 2726 antennaenerit

219 2763 249 2820 si
271 2771 363 2820 autem
383 2762 500 2835 predicti
522 2771 639 2836 nepotes
660 2763 831 2820 decesserint
851 2764 958 2837 absque
978 2764 1059 2830 filiis,
1083 2765 1209 2832 filiabus,
1231 2771 1280 2823 aut

218 2861 353 2932 intestati,
377 2868 535 2920 attereres
556 2861 732 2935 reliquerint,
756 2863 899 2920 amedanis
921 2880 1018 2921 eorum
1039 2880 1094 2937 que
1114 2863 1144 2921 in
1166 2880 1228 2922 casa
1249 2864 1278 2922 in

219 2959 320 3033 capillo
350 2959 537 3017 remanseriut
562 2975 625 3017 eum
654 2959 728 3033 ipsas
757 2968 873 3034 nepotas
893 2976 956 3018 auae
982 2961 1012 3018 iu
1039 2961 1123 3018 rebus
1143 2967 1278 3036 nepotum

219 3064 247 3114 et
268 3058 382 3114 iratrum
402 3059 552 3114 succedant
573 3057 710 3131 equaliter
730 3066 954 3132 quantecumque
975 3059 1088 3122 luerint.

300 3153 365 3229 (ll.)
387 3158 442 3212 11.
463 3155 620 3212 Anterieris
640 3155 731 3212 Edieti
753 3157 855 3227 legitur
874 3155 1007 3230 kapitula,
1030 3164 1061 3214 ut
1080 3158 1103 3215 si
1125 3158 1188 3231 quis
1205 3160 1278 3215 Lan·

220 3255 359 3324 gebardus
381 3253 569 3326 pertinentem
590 3271 671 3312 suum
691 3254 721 3310 iu
747 3262 874 3328 quartam
898 3272 1012 3312 manum
1041 3255 1187 3312 tradiderit
1213 3262 1241 3312 et
1261 3273 1276 3313 a

219 3368 248 3408 se
259 3352 363 3408 amnud
378 3351 483 3420 iecerit,
507 3359 554 3407 ant
569 3351 642 3409 circa
654 3352 751 3410 altario
768 3353 962 3410 deducendum
974 3354 1111 3410 sacerdoti
1121 3354 1276 3422 tradiderit,

218 3451 300 3507 soluti
323 3451 357 3506 ab
378 3451 455 3506 omni
476 3449 640 3507 conditione
662 3451 800 3508 seruitutis
820 3450 1019 3523 permanerint.
1065 3451 1121 3508 Sed
1142 3452 1276 3525 queniam

219 3549 340 3620 perversi
352 3546 481 3602 homines
495 3547 687 3604 benefactores
707 3564 771 3604 sues
784 3554 897 3620 accepta
916 3549 1043 3606 libertate
1057 3550 1274 3623 postponebant,

219 3653 246 3700 et
266 3644 318 3717 ipsi
339 3661 402 3700 eum
424 3646 601 3716 postmodum
622 3646 742 3702 retinere
764 3662 942 3719 nequaquam
963 3648 1100 3713 valebant,
1126 3648 1204 3704 multi
1227 3647 1277 3704 he·

220 3742 303 3799 minis
328 3741 450 3798 timentis
476 3759 511 3798 ne
537 3743 580 3799 sui
608 3744 700 3800 liberti
729 3759 777 3800 ees
803 3750 1022 3816 postponerent,
1052 3745 1207 3802 libertatem
1235 3744 1275 3801 eia

220 3841 309 3899 lacere
331 3839 524 3900 obmittebaut.
551 3841 703 3913 Propterea
723 3841 877 3910 statuimus,
901 3848 931 3898 ut
950 3843 973 3900 si
994 3843 1056 3916 quis
1075 3842 1276 3913 Langobardos

219 3939 407 4012 pertinentem
428 3953 508 3994 suum
529 3938 656 4011 thingare
678 3940 796 3996 veluerit
817 3939 845 3996 in
867 3946 964 4013 quarta
990 3956 1093 4008 mauu,
1124 3946 1151 3996 et
1171 3941 1274 3998 cartola

219 4037 260 4094 illi
282 4038 388 4107 lecerit,
411 4044 439 4093 et
453 4035 506 4093 sibi
519 4037 697 4094 reservaverit
715 4037 858 4094 servitium
875 4037 961 4110 ipsius
977 4039 1043 4094 dum
1059 4037 1149 4094 adbuc
1165 4037 1273 4107 vixerit,

219 4142 247 4191 et
268 4135 421 4192 decreverit
442 4141 471 4190 ut
490 4142 554 4207 post
567 4135 681 4192 abidum
702 4135 761 4208 eius
781 4135 854 4192 liber
873 4134 923 4192 sit:
946 4135 1074 4193 stabilem
1092 4135 1193 4193 debeat
1213 4152 1275 4209 per-

220 4249 333 4290 manare
361 4234 512 4289 seeundum
541 4240 615 4289 textu
645 4235 749 4290 cartule
780 4249 864 4306 quam
890 4233 915 4290 ei
937 4233 1049 4301 iecerit;
1083 4234 1147 4307 quia
1170 4234 1275 4308 justum

221 4332 302 4388 nobis
321 4329 424 4404 paruit,
445 4337 475 4388 ut
495 4330 580 4388 bomo
602 4330 810 4388 benefactorem
830 4348 911 4388 sunm
924 4331 1032 4389 vivente
1053 4349 1115 4390 eum
1135 4331 1275 4390 dimittere

220 4424 276 4486 nbn
299 4429 408 4486 debeat.
449 4429 518 4486 Nam
546 4428 594 4502 qui
615 4429 647 4496 in
666 4429 783 4487 eeclesia
803 4429 923 4487 liberum
950 4429 1086 4488 dimiserit
1106 4447 1157 4504 por
1176 4445 1275 4488 manua

219 4524 382 4594 sacerdotis,
405 4526 444 4583 rie
464 4533 576 4584 maneat
595 4527 620 4584 ai
642 4526 755 4586 libertas
775 4525 846 4586 siout
865 4526 990 4586 anterior
1005 4527 1120 4587 Edictus
1140 4525 1274 4588 contenit.
