3048 5130
260 473 302 537 tn
385 491 386 498 ¹
651 486 805 534 normas
829 487 920 534 auore

257 638 457 716 supervenerit,
480 638 558 695 tollat
578 644 731 710 aceptqrcs,
755 644 783 694 et
797 637 914 710 amplius
928 637 1009 709 culpa
1028 635 1158 694 adremon
1175 651 1239 694 eum
1255 650 1313 691 noo

258 741 391 814 requirat.
433 737 470 794 lit
496 736 550 793 hoc
574 735 719 808 jubentis,
751 736 773 792 si
795 735 858 810 quis
880 735 915 792 de
936 735 1019 806 gagio
1039 733 1112 804 regis
1132 733 1245 805 tulerit,
1279 732 1316 790 sit

260 836 409 912 culpavelis
429 833 534 890 solidos
555 850 606 891 xu.

339 937 417 994 881.
460 931 489 988 Si
518 931 580 1004 quis
600 930 635 987 de
657 931 755 988 arbore
776 930 914 1001 signatum
942 930 971 988 in
997 930 1065 987 silva
1085 930 1197 988 alterins
1217 946 1315 1003 accep-

261 1041 334 1092 tores
356 1033 391 1088 de
412 1029 480 1088 nido
501 1028 604 1097 tolerit‚
627 1035 769 1100 conponat
787 1027 892 1084 solidos
913 1044 949 1084 u.

339 1130 423 1186 m.
457 1122 510 1199 (lle
536 1141 615 1182 cosm
634 1123 792 1198 tacidum.)
833 1125 862 1182 Si
890 1124 952 1198 quis
979 1141 1061 1198 canes
1087 1126 1193 1182 alienus
1214 1124 1315 1182 clama·

259 1228 337 1296 norit,
349 1231 396 1282 aut
405 1223 569 1288 incitaverit,
585 1229 613 1279 et
623 1223 754 1279 damnum
766 1222 862 1279 iecerit
872 1221 900 1278 in
912 1223 1054 1280 hominem
1066 1222 1150 1279 autin
1161 1223 1312 1296 peculium,

261 1342 317 1382 non
339 1328 482 1396 reputetur
497 1320 538 1378 illi
553 1321 634 1392 culpa
653 1320 730 1392 cajus
746 1320 910 1388 uenissent,
930 1320 978 1376 sed
994 1320 1033 1377 illi
1052 1320 1099 1393 qui
1115 1337 1163 1376 eos
1180 1319 1313 1380 incitavit.

338 1421 423 1479 8²8.
447 1415 499 1492 (Dc
518 1419 651 1474 hominem
668 1414 828 1490 rabiosum.)
850 1416 879 1474 Si
895 1417 1014 1490 peccatis
1027 1417 1213 1474 eminentibus
1229 1417 1313 1474 homo

254 1519 385 1578 ‘rabiosus
406 1522 453 1574 aut
467 1514 667 1572 demoniaticus
684 1514 769 1571 lactus
786 1514 878 1586 luerit,
902 1521 930 1572 et
946 1515 1078 1572 damnum
1096 1514 1193 1574 lecerit
1214 1515 1242 1572 in
1265 1515 1314 1570 lro-

260 1618 365 1676 minem
385 1621 432 1673 cut
460 1613 489 1672 in
517 1613 679 1686 peculium,
712 1629 768 1668 non
799 1612 956 1686 requiratur
982 1615 1017 1670 ab
1045 1613 1213 1678 heredibus3
1243 1620 1271 1668 ct
1290 1611 1312 1670 si

260 1717 320 1789 ipse
341 1713 447 1771 occisus
468 1711 564 1779 luerit,
594 1709 676 1766 simili
698 1708 785 1766 modo
812 1726 868 1767 non
891 1711 1063 1783 requiratur:
1095 1717 1201 1768 mutum
1222 1715 1315 1766 estut

260 1815 320 1872 aine
341 1812 422 1884 culpa
442 1825 500 1866 non
521 1807 672 1866 occidatur.

338 1911 422 1968 Μ.
464 1907 493 1963 Si
515 1906 592 1962 canis
613 1911 660 1962 aut
679 1902 798 1960 cavallus
818 1911 866 1960 aut
893 1904 1017 1976 quislibit
1042 1889 1314 1977 peculius'nbiosus

261 2009 346 2066 iactas
375 2006 474 2075 luerit,
506 2009 534 2060 et
554 2003 687 2060 damnum
715 1999 812 2058 lecerit
832 2001 861 2056 in
883 2001 1024 2058 hominem
1045 2009 1092 2058 aut
1112 2003 1140 2058 in
1162 2003 1311 2075 peculium,

261 2123 318 2162 non
340 2104 496 2177 requiratur
516 2117 532 2157 a
553 2099 686 2165 domino;
718 2106 746 2155 et
765 2097 813 2171 qai
834 2099 925 2170 ipsum
946 2099 1094 2171 occiderit,
1123 2099 1206 2158 simili
1228 2100 1313 2158 morlo

261 2219 318 2260 non
340 2201 495 2274 requiratur
516 2215 530 2255 a
552 2196 667 2253 domino
688 2203 829 2269 utsupra.

255 2347 256 2355 ,
338 2299 422 2358 895.
464 2298 505 2354 lle
536 2294 743 2367 quadrupedia,
774 2294 797 2350 si
828 2293 857 2350 in
885 2292 1027 2363 hominem
1047 2300 1096 2351 aut
1122 2293 1150 2350 in
1173 2295 1312 2368 peculium

259 2397 391 2454 damnum
412 2394 519 2464 lecerit,
543 2393 602 2465 ipse
623 2397 766 2465 conponat
786 2391 918 2448 damnum
939 2390 1016 2463 cujus
1037 2390 1119 2447 luerit
1139 2392 1273 2465 peculias.
1308 2453 1311 2458 ,

338 2495 423 2552 wi.
452 2491 494 2548 ¹Si
515 2491 620 2548 cavallo
642 2489 808 2563 compede,
831 2488 853 2545 si
875 2489 959 2546 boves
979 2505 1042 2546 cum
1064 2505 1183 2559 cornus,
1206 2489 1228 2546 si
1250 2506 1313 2563 por·

259 2609 307 2650 cus
327 2608 390 2651 cum
412 2591 495 2646 dente
516 2588 658 2644 hominem
672 2585 861 2656 a'ntricaverit‚
885 2595 931 2643 aut
950 2587 973 2644 si
995 2603 1077 2644 canes
1098 2587 1242 2657 meruerit,
1266 2605 1313 2644 ex·

259 2695 359 2762 cepto,
389 2694 537 2760 utsupra,
568 2685 591 2740 ei
612 2684 738 2741 rabiosus
759 2685 861 2754 luerit,
891 2684 950 2757 ipse
971 2690 1113 2758 conponat
1131 2683 1312 2742 homicidium

259 2795 306 2844 aut
322 2787 454 2842 damnum
471 2784 548 2856 cnjus
563 2783 710 2838 animalem
725 2781 818 2848 luerit,
837 2789 959 2838 cessante
973 2782 1002 2838 in
1019 2782 1072 2840 hoc
1089 2783 1210 2855 capitolo
1227 2783 1311 2854 laida,

258 2884 289 2942 id
308 2890 350 2940 est
368 2879 524 2951 inimicitia,
547 2880 612 2953 quia
631 2885 735 2936 mutam
757 2895 801 2935 res
820 2878 895 2948 iecit,
917 2895 974 2935 non
996 2880 1124 2936 homenis
1143 2879 1271 2938 studium.

337 2982 418 3038 w.
441 2976 493 3051 (Dc
513 2978 616 3034 cavallo
638 2979 750 3048 prestito
771 2974 993 3050 cccccccccc.)
1035 2976 1063 3033 Si
1085 2976 1148 3049 quis
1167 2977 1312 3050 prestitum

260 3084 307 3136 aut
326 3077 494 3133 conductum
513 3075 646 3132 cavallum
667 3080 713 3131 aut
742 3074 841 3130 bovem
866 3080 913 3130 aut
933 3089 1030 3130 canem
1057 3080 1104 3130 aut
1123 3073 1246 3149 quolibit
1265 3092 1313 3148 pe·

260 3175 364 3234 culium
384 3173 528 3243 habuerit,
552 3178 580 3229 et
599 3172 665 3228 dum
685 3171 714 3228 in
732 3171 821 3244 ipsum
845 3170 1012 3228 beneficium
1033 3178 1080 3228 out
1102 3173 1311 3230 conducituram

261 3271 592 3339 sescenisnummis,
625 3287 681 3326 non
703 3269 858 3342 requiratur
886 3268 1003 3341 proprio
1032 3268 1166 3329 dominor
1192 3277 1234 3326 set
1258 3271 1309 3336 illi,

261 3369 309 3444 qui
321 3378 384 3443 post
395 3386 424 3426 se
436 3368 578 3441 prestitum
591 3367 696 3437 habuit,
712 3367 770 3440 ipse
782 3365 961 3424 humicidium
969 3366 1153 3425 autdamnum
1163 3375 1313 3440 conponat,

340 3468 426 3524 ΜΘ.
468 3466 497 3522 Si
527 3465 660 3522 animales
681 3465 787 3522 alienus
807 3463 955 3520 animalem
977 3464 1108 3521 occiderit
1132 3470 1179 3521 aut
1198 3464 1312 3535 intriga·

259 3563 344 3634 verit,
374 3563 401 3620 id
422 3569 464 3619 est
484 3562 568 3620 boves
588 3563 688 3619 bovem
708 3569 755 3620 aut
774 3560 903 3636 quislesit
925 3561 1065 3634 peculias,
1096 3567 1162 3619 tunc
1182 3561 1329 3619 dominus¹

260 3661 309 3736 qui
329 3659 475 3717 animalem
496 3675 576 3716 orrum
597 3660 727 3730 intrigatn
744 3658 881 3716 invenerit
900 3665 946 3716 aul
963 3659 1076 3716 forsitan
1092 3660 1151 3734 jam
1167 3659 1312 3719 marcitum

262 3765 309 3816 aut
329 3757 502 3828 minuatum,
528 3757 656 3830 jobemus
691 3758 836 3830 consignet
863 3756 953 3830 ipsum
984 3757 1142 3828 intrlgatum
1169 3758 1209 3815 illi
1236 3758 1312 3831 cujus

261 3856 380 3915 animale
401 3855 561 3927 intrigavit‚
593 3863 623 3914 ut
642 3857 773 3927 semileo‚
804 3856 894 3931 qualis
921 3857 949 3913 in
978 3856 1025 3913 illa
1046 3856 1107 3914 diae
1128 3856 1179 3913 luit
1199 3858 1311 3932 quando

260 3954 392 4028 iragiatus
412 3960 464 4024 eet,
486 3954 609 4028 reteniat
628 3956 663 4014 ab
683 3956 745 4029 ipso
766 3955 843 4028 cujus
863 3955 982 4012 animale
1002 3955 1056 4012 hoc
1076 3953 1148 4012 iecit.

341 4054 430 4111 899.
451 4049 504 4127 (De
523 4069 589 4109 coac
607 4052 722 4127 turmo.)
764 4052 792 4111 Si
819 4051 881 4124 quis
901 4067 999 4110 canem
1020 4051 1164 4122 lnrererit,
1186 4052 1239 4112 sibi
1261 4069 1311 4110 no-

261 4165 329 4207 num
348 4149 455 4209 reddat

340 4248 432 4308 88⁰.
472 4244 503 4302 st
523 4246 585 4319 quis
605 4261 634 4302 sc
654 4245 851 4304 vindicandum
867 4243 995 4302 occiserit
1014 4261 1112 4302 canem
1128 4245 1258 4316 alienum,
1281 4246 1310 4304 id

262 4349 305 4400 cot
323 4359 386 4400 oum
406 4343 491 4415 spada
511 4349 558 4401 aut
581 4342 657 4414 virga
677 4351 726 4402 aut
744 4361 807 4402 oum
828 4343 952 4416 qualibet
975 4359 1051 4400 arma
1071 4359 1155 4402 mano
1175 4344 1309 4412 macodo,

262 4455 319 4498 non
341 4439 366 4497 ei
387 4438 558 4514 requiraturs
581 4447 687 4498 tentum
707 4448 749 4498 est
769 4442 877 4514 etipsa
897 4440 973 4512 virga
993 4441 1055 4497 talis
1075 4439 1231 4499 inveniatur
1251 4457 1310 4500 esse
1364 4473 1367 4478 ·
