3048 5130
469 523 471 528 ·
562 505 700 550 novorum
722 505 790 550 car.
815 499 877 544 ss·-
887 501 922 544 st.
1167 513 1169 518 v
1243 482 1283 548 tt

224 657 324 714 vulnus
345 655 459 726 iecerit,
487 671 538 728 pro
564 673 626 748 ιιιιιΙ
640 652 720 712 terite
741 662 885 728 conponat
903 653 929 711 ei
948 653 1054 712 solidos
1074 661 1149 717 tresa
1171 652 1195 709 si
1216 651 1284 710 dues

222 753 336 822 iecerit,
359 753 464 810 solidos
485 769 554 818 sexa
578 752 599 810 si
622 761 677 810 tres
699 752 812 822 iecerit,
835 752 940 810 sotidos
962 769 1078 816 novenae
1111 751 1134 809 si
1155 755 1289 824 quattuor

225 851 330 918 iecerit,
354 850 459 908 solidos
481 850 647 908 duodecim:
670 851 693 908 si
714 867 780 908 vero
801 849 919 923 amptius
941 850 1089 920 duraverit,
1113 849 1205 906 feritas
1226 865 1284 906 non

102 1017 105 1032 Δ
223 957 422 1017 numeremur,
445 949 495 1006 sed
515 948 552 1006 sit
571 948 624 1006 sibi
645 957 801 1008 contentus.

305 1049 368 1104 44.
412 1047 441 1103 Si
463 1047 526 1119 quis
547 1047 633 1104 elium
654 1063 748 1120 pugno
770 1046 947 1120 percusserit,
969 1046 1075 1103 solidos
1095 1051 1151 1102 tres
1171 1044 1196 1100 ei
1218 1061 1287 1102 con-

225 1151 328 1218 ponstt
351 1145 373 1200 si
394 1145 505 1217 alapas,
526 1161 585 1202 sex.

307 1242 371 1298 ts.
412 1243 454 1298 lie
476 1242 570 1298 teritus
591 1248 619 1298 et
639 1241 842 1314 conpositionis
873 1242 1015 1314 plagarum
1037 1257 1109 1314 quse
1136 1241 1208 1298 inter
1236 1241 1286 1298 ho·

223 1339 313 1396 menis
340 1339 445 1396 iiberus
471 1341 616 1396 evenerint
641 1356 691 1411 per
719 1340 772 1396 hoc
792 1339 913 1397 tinorem
933 1342 1005 1396 sicut
1030 1340 1125 1396 subter
1146 1339 1286 1396 adnexum

225 1446 267 1495 est
291 1443 476 1509 conponatur,
500 1446 624 1494 cessante
646 1438 730 1507 saida,
754 1438 782 1494 id
804 1445 846 1494 cst
865 1437 1018 1496 inimicitia.

304 1537 366 1592 46.
393 1533 443 1606 (De
459 1537 543 1608 pinpo
563 1539 595 1592 io
615 1537 714 1608 capnt.)
758 1535 787 1592 Si
809 1536 872 1608 quis
893 1535 939 1592 aiii
963 1537 1072 1607 plagam
1092 1535 1121 1592 io
1143 1541 1227 1607 caput
1248 1535 1284 1590 ie·

225 1635 296 1692 cerit
316 1642 345 1690 ut
365 1635 453 1690 cutica
476 1642 582 1691 tantum
599 1645 741 1707 rumpetur
761 1637 836 1708 qnod
854 1634 947 1708 capilii
964 1637 1122 1706 coperiunt‚
1146 1641 1290 1706 conponat
1314 1701 1317 1716 ,

228 1728 336 1790 solidos
356 1747 426 1796 sext
448 1731 471 1788 si
493 1733 562 1790 durs
583 1734 679 1804 plagas
699 1733 807 1802 iecerit,
831 1740 972 1805 conponat
992 1732 1098 1789 solidos
1119 1731 1288 1794 duodicem

225 1830 248 1887 si
271 1846 358 1902 nsque
379 1836 434 1884 tres
457 1828 569 1899 fecerit,
599 1838 743 1902 conponat
770 1830 877 1887 sotidos
898 1829 998 1886 decem
1018 1837 1046 1884 et
1068 1836 1150 1885 octo:
1177 1827 1200 1885 si
1223 1845 1290 1884 vero

224 1928 344 2000 amplius
365 1927 477 1994 iecerit,
501 1944 558 1984 non
578 1927 766 1996 nominentur,
790 1927 842 1984 nisi
868 1926 897 1982 in
920 1927 984 1983 istas
1007 1935 1062 1983 tres
1083 1931 1289 1998 conponantur.

307 2027 365 2082 ts.
408 2024 437 2080 Si
459 2023 521 2097 quis
542 2026 626 2082 atium
648 2025 801 2096 plagaverit
820 2024 849 2080 in
873 2031 958 2098 capnt
978 2031 1008 2081 ut
1029 2041 1090 2082 ossa
1112 2033 1287 2098 rumpuntur,

138 2153 142 2162 ·
225 2139 278 2196 pro
298 2138 355 2178 uno
377 2137 440 2178 osso
461 2129 604 2193 conponat
623 2122 728 2178 soiidos
749 2122 915 2187 duodicemt
951 2124 974 2178 si
997 2123 1053 2180 dno
1076 2123 1198 2190 tuerent,
1222 2138 1291 2177 oon-

227 2227 313 2292 ponat
332 2220 438 2276 soiidos
459 2219 556 2290 viginti
578 2227 725 2292 quattuora
758 2220 780 2276 si
811 2228 866 2277 tres
894 2221 1004 2277 tuerent
1023 2227 1166 2293 conponat
1185 2219 1290 2276 solidos

226 2317 338 2388 triginta
361 2333 429 2382 sex3
452 2316 475 2374 si
496 2333 581 2389 super
601 2318 723 2388 tuerent,
747 2335 804 2373 non
827 2319 1021 2377 nominentur:
1050 2318 1090 2376 sic
1110 2319 1147 2374 ita
1169 2324 1199 2374 ut
1219 2333 1291 2372 unus

227 2431 305 2472 ossus
326 2415 388 2472 talis
407 2415 585 2480 inveniatur,
617 2414 665 2488 qui
686 2434 701 2472 a
723 2417 802 2482 pedis
823 2416 972 2473 duodicem
993 2433 1076 2490 super
1097 2414 1170 2472 viam
1189 2431 1292 2470 sonum

227 2513 253 2569 iu
276 2519 383 2568 scutum
406 2512 496 2568 iacere
519 2520 623 2586 possit,
648 2513 755 2586 etipsa
777 2514 900 2570 miusura
922 2514 1054 2570 decerto
1076 2513 1149 2586 pede
1169 2510 1291 2568 hominis

228 2609 377 2666 mediocris
399 2617 584 2678 mensuretur,
608 2627 673 2668 nam
694 2629 751 2668 non
773 2582 811 2668 ad
829 2628 945 2672 mano..

310 2708 372 2764 48.
396 2705 446 2778 (De
468 2708 544 2764 oculo
564 2708 671 2780 mulso.)
715 2709 744 2766 Si
767 2709 829 2782 quis
850 2710 897 2768 aiii
919 2711 1031 2766 oculum
1051 2705 1217 2778 excusserit,
1241 2723 1291 2779 pro

227 2812 367 2861 mortuum
388 2804 564 2877 adpretietur
585 2807 704 2878 qualiter
725 2808 753 2864 in
766 2808 1000 2881 angargathnngi
1024 2807 1052 2863 id
1074 2813 1115 2862 est
1135 2803 1291 2862 secundum

227 2903 388 2975 qualitatem
415 2919 551 2975 persone,
586 2911 614 2960 et
639 2905 775 2962 medietas
808 2905 907 2977 praetii
933 2904 1020 2978 ipsius
1051 2910 1227 2976 conponatur
1254 2903 1289 2958 ab

228 2999 320 3072 ipsum
341 2999 388 3072 qui
411 3002 524 3057 oculum
544 3003 706 3058 excusserit.

307 3098 371 3153 tn.
395 3096 445 3170 (De
464 3116 531 3155 noso
552 3096 676 3174 obtuso.)
718 3100 748 3156 Si
770 3101 833 3173 quis
854 3100 902 3156 aiii
924 3116 1022 3158 nasum
1042 3099 1209 3168 absciderit,
1233 3113 1292 3156 me-

226 3193 357 3252 dietatem
379 3195 459 3266 pretii
481 3195 567 3267 ipsius
588 3197 613 3252 ei
636 3206 814 3270 conponatur
834 3205 975 3270 utsupra.

306 3292 373 3350 ὅθ.
398 3289 448 3364 (De
467 3295 544 3349 labro
564 3294 689 3366 anacim.)
722 3295 751 3351 Si
773 3295 836 3369 quis
856 3296 903 3352 aiii
922 3295 1029 3352 inbrum
1041 3294 1200 3364 absciderit,
1223 3311 1291 3352 con·

229 3398 315 3464 ponat
334 3390 439 3447 sottdos
460 3390 620 3456 sexdicem;
641 3391 712 3449 etsi
734 3393 827 3450 dentis
848 3393 1006 3466 apparuerit
1027 3408 1129 3458 unum,
1153 3394 1221 3460 duo,
1245 3401 1293 3450 aut

229 3483 293 3559 tres,
316 3493 458 3560 conponat
478 3487 584 3545 solidos
604 3489 713 3560 viginti.

308 3588 368 3644 Μ.
392 3585 441 3658 (De
462 3589 553 3642 dentes
571 3587 698 3660 priores.)
742 3587 771 3643 Si
793 3587 855 3661 quis
876 3588 922 3644 aiii
940 3585 1053 3646 dentem
1070 3589 1223 3646 excusserit
1243 3587 1291 3662 qui

128 3752 134 3760 Ι
229 3685 364 3742 inrisum
385 3682 503 3756 apparit,
527 3700 578 3756 pro
600 3700 686 3741 unum
708 3685 822 3742 dentem
843 3685 884 3741 dit
905 3686 1016 3744 soledus
1036 3686 1167 3749 sidicemt
1190 3683 1213 3742 si
1235 3686 1290 3742 duo

229 3791 276 3840 ant
297 3784 389 3856 plures
410 3781 520 3837 tuerent
540 3781 568 3838 in
590 3781 647 3842 risu
665 3783 835 3857 apparentis,
860 3801 909 3857 per
922 3785 977 3842 hoc
999 3785 1108 3842 nomiro
1126 3800 1290 3860 conponan-

231 3889 275 3938 tur
295 3889 323 3936 et
343 3880 488 3953 pretietut.
1159 3923 1161 3928 .

198 4018 202 4025 -
309 3979 372 4036 δ’.
396 3977 446 4052 (De
466 3981 557 4036 demes
576 3979 752 4050 montuosos.)
796 3979 826 4036 Si
848 3979 910 4052 quis
927 3979 972 4036 eiii
990 3982 1103 4038 dentem
1118 3979 1291 4038 maxillarem

230 4095 318 4136 unum
328 4084 376 4135 ant
385 4078 478 4151 piures
488 4077 648 4144 excusserit,
661 4093 712 4149 per
724 4093 812 4133 unum
821 4077 934 4134 dentem
944 4084 1085 4151 conponat
1095 4075 1200 4134 solidos
1211 4086 1288 4136 octo.

311 4175 376 4234 88.
399 4175 449 4248 (De
468 4193 562 4233 oureus
587 4175 738 4249 sordeam.)
782 4175 811 4232 Si
838 4175 901 4249 quis
926 4176 973 4232 ulii
1004 4191 1100 4232 aurem
1130 4175 1289 4248 absciderit,

232 4281 359 4351 quartam
380 4280 486 4348 partem
506 4273 587 4347 pretii
608 4274 695 4346 ipsius
716 4276 740 4333 ei
763 4283 913 4348 conponat.

310 4372 375 4430 tu.
417 4370 447 4428 Si
468 4370 531 4446 quis
551 4371 597 4430 eiii
615 4373 726 4446 plagam
746 4374 776 4431 in
794 4373 892 4430 faciem
910 4371 1015 4441 iecerit,
1038 4379 1181 4446 conponat
1201 4373 1226 4431 ei
1247 4391 1292 4432 so·

232 4470 305 4530 lidos
325 4468 457 4530 sedicem.
