3022 5144
584 545 722 591 unrcrmr
743 545 810 590 cnr.
825 541 864 584 rav
879 561 905 572 -
919 539 967 584 aar.
1243 525 1304 586 109

247 713 331 770 quam
351 696 418 767 viri,
441 701 633 755 exercuerunt
664 697 737 752 Dum
758 701 851 752 autem
871 695 925 752 Iroc
947 695 980 750 ad
1003 709 1056 752 nos
1077 694 1256 767 pervenissit,
1280 701 1308 750 et

248 795 300 868 ipsi
321 796 449 852 homInes
465 811 516 867 pro
534 793 731 852 suaviolentia
747 793 794 866 qui
809 793 901 850 minus
920 794 1056 866 potebant
1071 793 1304 864 interpellabant:
1402 781 1410 806 '

248 893 284 950 ita
304 894 498 967 prospeximus
519 893 548 948 in
561 891 615 949 lroc
624 891 724 948 Edicto
742 892 874 962 adfigere,
899 897 929 946 ut
947 893 969 946 si
988 892 1238 948 amodomuIIeros
1253 891 1307 948 hoc

248 991 338 1048 lacere
371 992 399 1048 in
422 992 625 1064 qualecumque
647 991 740 1046 locum
761 989 997 1062 presumpserInt,
1028 989 1148 1061 primum
1180 989 1305 1046 omnium

248 1090 434 1157 decernimus,
457 1095 488 1144 ut
508 1087 531 1144 si
552 1087 645 1161 aliqua
655 1087 768 1159 injuria,
792 1094 838 1143 aut
848 1087 1042 1159 obprobrium,
1065 1079 1113 1145 aul
1132 1088 1238 1160 plagas,
1261 1096 1308 1147 aut

249 1187 353 1254 lenitas,
377 1192 425 1242 aut
444 1191 563 1242 mortem
585 1185 623 1241 ibi
645 1185 822 1256 acceperint,
847 1184 915 1241 nihil
939 1184 974 1242 ad
995 1184 1068 1258 ipsas
1089 1188 1237 1256 mulieres,
1261 1195 1308 1244 aut

248 1285 282 1341 ad
303 1285 376 1340 viros
397 1291 444 1340 aut
464 1284 499 1340 ad
519 1283 671 1339 mundoald
694 1298 789 1338 earum
810 1289 952 1354 conponat
972 1283 1019 1337 ille
1041 1283 1088 1355 qui
1110 1300 1139 1339 se
1154 1283 1308 1342 detenden-

248 1381 314 1438 dum
340 1382 381 1438 eis
407 1381 500 1454 aliqua
528 1381 624 1438 lecerit
643 1380 780 1438 lesionem
801 1387 848 1437 aut
875 1379 1101 1440 internicionem.
1143 1383 1261 1455 Insuper
1280 1391 1308 1440 ct

247 1481 385 1553 publicus,
409 1480 437 1537 in
460 1497 515 1553 quo
537 1482 600 1537 loco
616 1479 717 1535 lactum
735 1478 826 1544 luerit,
850 1479 1062 1550 conprehendat
1075 1480 1149 1552 ipsas
1163 1481 1305 1550 mulieres,

247 1586 274 1635 et
295 1578 374 1635 laciat
394 1595 440 1635 eas
461 1579 605 1635 decalvare
625 1583 653 1632 et
669 1577 784 1632 lrustare
805 1591 855 1647 per
871 1575 945 1632 vicos
963 1575 1116 1634 vicinantes
1131 1578 1218 1651 ipsius
1238 1578 1305 1646 loci,

247 1683 277 1732 ut
297 1678 332 1734 dc
353 1685 446 1734 cetero
468 1675 599 1732 mulieres
621 1674 675 1730 tale
695 1672 800 1729 malitia
829 1672 920 1728 lacere
942 1689 998 1728 non
1021 1683 1192 1746 presumant.
1226 1677 1306 1735 Etsi

246 1775 275 1830 ln
299 1775 357 1847 ipsa
379 1791 461 1831 eausa
483 1772 576 1829 leritas
598 1779 645 1828 aut
665 1772 760 1843 plagas
781 1770 899 1826 fecerint
918 1770 977 1842 ipse
993 1771 1124 1829 mulieres
1139 1774 1305 1848 cuicumque

247 1871 375 1939 homini,
405 1870 498 1929 mariti
525 1885 621 1926 earum
652 1875 815 1940 conponant
842 1867 915 1940 ipsas
936 1869 1030 1940 plagas
1051 1877 1098 1926 aut
1119 1871 1212 1928 leritas
1238 1889 1307 1946 quas

247 1970 305 2043 ipsa
327 1970 463 2037 lecerunt,
486 1967 641 2025 seeundum
661 1967 754 2023 EdIeti
776 1968 878 2022 tinore.
908 1967 970 2022 Hoc
991 1973 1084 2024 autem
1104 1967 1169 2024 ideo
1192 1986 1307 2044 prospe-

247 2069 337 2124 ximus
358 2074 413 2125 tam
434 2068 470 2124 de
492 2065 668 2139 disciplinam
689 2082 772 2138 quam
794 2064 877 2120 etde
898 2065 1138 2137 conpositionem,
1161 2069 1225 2140 quia
1248 2087 1305 2126 non

246 2167 386 2238 potuImus
408 2164 555 2224 mulierum
577 2163 773 2221 collectionem
800 2164 835 2220 ad
857 2163 986 2222 arisclrild
1008 2164 1183 2236 adsimilare,
1214 2185 1306 2241 neque

245 2264 281 2320 ad
301 2263 468 2321 seditionem
488 2261 710 2330 rusticanorum,
734 2261 800 2335 quia
819 2261 885 2317 istas
906 2247 1001 2318 causas
1023 2261 1074 2320 viri
1097 2265 1217 2334 iaciunt,
1241 2284 1306 2323 nam

247 2378 303 2417 non
323 2361 471 2417 mulieres:
504 2360 625 2432 ideoque
647 2359 686 2416 sic
707 2358 742 2415 dc
763 2358 830 2431 ipsis
852 2359 1014 2416 mulieribus
1036 2360 1131 2431 laciat,
1161 2362 1231 2418 sicut
1250 2371 1306 2420 sta·

245 2458 348 2515 luimus
369 2474 461 2531 supra.
491 2457 520 2514 Si
542 2458 656 2530 quidem
677 2455 841 2528 simpliciter
862 2458 890 2512 in
912 2457 1074 2514 scandalum
1096 2460 1305 2536 qualiscumque

245 2557 345 2613 muller
365 2555 528 2624 cucurrerit,
551 2563 578 2612 et
598 2561 717 2612 mortem
733 2560 780 2610 aut
795 2556 889 2626 plagas
909 2556 952 2611 vel
970 2554 1063 2612 leritas
1079 2556 1118 2615 ibi
1134 2559 1303 2631 acceperint,

245 2653 284 2710 sic
305 2654 331 2711 ei
353 2654 435 2711 iaciat
452 2652 604 2725 justitiam,
635 2651 706 2709 sicut
734 2651 863 2708 decessor
884 2657 979 2708 noster
1000 2653 1128 2712 Bonnam
1156 2673 1204 2712 rex
1226 2657 1305 2714 insti-

245 2751 296 2807 tuit
317 2757 344 2807 et
361 2751 503 2823 judicavit.

325 2849 416 2923 (ΗΠ.)
437 2850 521 2906 144.
543 2846 574 2903 si
595 2846 657 2919 quis
677 2847 763 2904 homo
784 2846 876 2903 sciens
897 2847 1002 2905 aldium
1023 2855 1070 2904 aut
1091 2850 1194 2908 aldiam
1215 2869 1303 2923 suam,

245 2964 353 3004 servum
381 2948 424 3003 rel
453 2946 582 3004 ancillam
603 2944 631 2999 in
654 2961 746 3002 casam
768 2945 966 3018 cujuscumque
987 2963 1064 3018 csse,
1094 2954 1141 3003 aut
1161 2952 1304 3022 copolatus

245 3052 291 3100 aut
312 3043 402 3114 aliter,
425 3050 454 3101 et
473 3060 532 3099 non
555 3059 618 3099 eum
632 3042 797 3116 requesierit
817 3049 864 3099 aut
885 3059 935 3115 per
949 3043 1044 3115 judice
1059 3051 1107 3100 aut
1118 3062 1168 3118 per
1178 3048 1302 3119 publico,

246 3149 273 3199 et
295 3159 352 3197 non
373 3159 437 3198 eum
458 3140 602 3209 retulerit,
634 3148 662 3197 et
689 3139 826 3198 dimiserit
846 3157 911 3197 eum
931 3140 1004 3212 apud
1025 3143 1140 3198 alterum
1162 3145 1305 3204 hominem

245 3239 348 3296 diutius
368 3255 548 3312 permanere:
580 3255 638 3294 non
667 3239 791 3312 requirat
811 3255 911 3311 operas
931 3254 1045 3307 eorum,
1074 3240 1138 3311 quia
1159 3243 1303 3321 sciendum

246 3338 369 3408 neglexit
388 3336 525 3410 requirire
550 3352 659 3393 serrum
679 3338 722 3393 vel
742 3337 883 3403 ancillam,
906 3335 1011 3392 aldium
1032 3341 1079 3391 aut
1091 3338 1194 3396 aldiam
1215 3358 1304 3402 suam.

245 3435 315 3492 Nam
335 3434 358 3492 si
379 3434 553 3508 requisiverit
574 3434 704 3490 domiuus
726 3450 834 3502 eorum,
857 3440 885 3490 et
905 3435 953 3490 ille
975 3434 1022 3506 qui
1045 3451 1094 3492 eos
1115 3437 1242 3496 habuerit
1259 3459 1307 3498 ne·

246 3533 363 3603 glexerit
378 3532 495 3590 reddere
510 3531 749 3597 autanlesteterit‚
772 3533 871 3588 reddat
888 3549 986 3605 operas
1000 3550 1097 3591 eorum
1112 3536 1182 3594 sicut
1195 3539 1240 3596 lex
1251 3545 1302 3596 cst.

583 3665 712 3706 EXPLICIT
733 3666 770 3704 uu
791 3665 865 3706 Iuno
886 3667 954 3708 uu.
1022 3666 1025 3674 ’

442 3886 567 3939 INCIPIT
595 3887 639 3938 uu
666 3887 762 3939 Auno
786 3887 950 3940 VICIISIMO
970 3888 1106 3941 TERTIO.

466 3993 602 4060 (Kalendis
639 3997 751 4054 martiis,
788 4007 856 4045 anuo
881 3994 1072 4054 dccxxxv.)

467 4099 659 4164 VOLUMEN
684 4101 864 4164 DECIMUM
888 4101 1079 4176 QUINTUM.

324 4222 359 4279 In
377 4227 486 4282 nomine
505 4225 618 4283 Domini
636 4230 724 4284 nostri
742 4225 837 4284 Jusu
856 4225 1004 4284 CHRISTI
1023 4244 1070 4300 epo
1090 4227 1308 4300 liutprand„

244 4322 493 4388 excellentissimus,
518 4325 680 4382 christianus
700 4333 780 4397 atquo
800 4327 944 4382 catholicus
963 4342 1014 4382 ren
1033 4328 1119 4397 pentir
1140 4326 1301 4399 Lonpodnr·

246 4421 352 4483 dorum
375 4422 522 4492 odJ'anpcre
539 4424 724 4492 praevidimus
743 4440 801 4480 uno
825 4440 885 4480 cum
908 4424 1048 4494 judicibus
1068 4432 1092 4480 et
1110 4425 1232 4494 fidelibus
1251 4443 1302 4482 no-

247 4518 310 4572 stris
330 4518 362 4572 in
381 4516 474 4574 Edisti
492 4520 617 4590 popina,
648 4535 722 4577 onno
742 4521 909 4593 conuincti,
940 4518 998 4580 Deo
1017 4523 1153 4594 propitio,
1176 4525 1302 4580 vicesimo
