3048 5130
532 543 674 590 nnrcrunr
697 543 766 588 can.
781 537 823 584 tua
835 560 863 570 -
874 537 923 584 ass.
1219 519 1262 586 39

282 696 372 755 166.
414 695 444 753 Si
465 695 535 752 liber
555 694 641 752 humo
653 710 771 768 puerum
792 697 839 752 aut
858 707 967 750 servum
983 708 1066 750 suum
1081 691 1154 748 furtu
1171 691 1262 750 iacere

200 793 322 868 jusserit,
346 793 452 866 etipse
474 791 562 848 turtus
582 792 711 849 inventus
733 791 835 861 luerit,
857 789 911 848 sibi
933 807 1039 848 nonum
1060 795 1212 862 conponat,
1235 796 1264 848 et

203 893 318 949 alterum
340 899 446 949 tantum
466 891 501 948 ad
523 897 628 948 curtem
648 889 723 963 ragis
739 890 897 963 persolvat;
921 889 986 963 quia
1000 889 1181 946 inhonestum
1201 903 1262 944 esse

203 991 316 1046 vedetur
337 998 365 1046 et
386 989 453 1046 nulli
476 990 515 1046 rei
534 988 665 1046 convenit
678 988 792 1055 rationi,
815 995 845 1044 ul
864 987 948 1046 homo
966 987 1038 1045 liber
1057 1003 1087 1044 se
1107 985 1138 1043 in
1160 985 1263 1046 turtum

202 1087 303 1143 debeat
323 1087 433 1144 misceri
454 1094 501 1144 aut
521 1103 690 1144 consensum
710 1102 838 1161 prevete.

283 1187 377 1243 166.
419 1185 448 1241 Si
470 1185 532 1258 quis
553 1202 650 1242 aurum
672 1192 718 1242 aut
744 1184 826 1241 vestis
847 1200 895 1241 seu
917 1181 1038 1256 qualevit
1058 1197 1118 1238 rem
1139 1181 1169 1238 iu
1190 1183 1262 1242 viam

201 1281 355 1350 in'venerit,
385 1291 413 1340 et
440 1299 524 1355 super
543 1282 703 1354 geniculum
723 1280 872 1347 levaverit,
902 1285 930 1337 et
956 1295 1015 1336 uun
1041 1281 1264 1338 menelestaverit

201 1387 248 1436 aut
268 1382 302 1437 ad
320 1381 442 1454 judicem
464 1397 521 1437 non
543 1380 698 1451 adduxerit,
721 1381 775 1437 sibi
796 1395 903 1437 nonum
923 1377 1030 1439 reddat.

281 1481 366 1537 161.
408 1479 438 1537 si
459 1495 553 1536 servus
574 1480 641 1536 dum
662 1479 764 1536 ancilla
784 1478 875 1536 aliena
897 1479 1004 1536 habeus
1021 1492 1135 1533 uxorem
1156 1477 1260 1535 turtum

201 1577 307 1646 iecerit,
330 1583 358 1632 et
377 1576 508 1634 ancillam
528 1583 576 1633 aut
596 1576 669 1632 filius
690 1591 783 1632 servus
797 1576 904 1632 alienus
920 1575 1057 1646 nutrierit,
1080 1590 1192 1631 emnem
1205 1574 1263 1632 iur-

202 1680 259 1730 tum
281 1674 357 1746 quud
378 1673 474 1730 lecerit
493 1689 588 1730 servus
609 1678 768 1746 conponat,
799 1688 864 1729 nam
885 1672 955 1729 nihil
988 1678 1130 1745 reputetur
1150 1672 1179 1727 in
1202 1674 1261 1730 cul-

200 1787 264 1843 pam
285 1785 337 1827 uec
358 1769 387 1826 in
409 1771 623 1828 damnositatem
645 1770 763 1827 ancillae
783 1771 826 1827 vel
847 1769 913 1826 filiis
934 1769 1001 1842 ejus.
1033 1767 1154 1826 Tantum
1176 1774 1217 1826 est
1237 1768 1260 1827 si

200 1867 300 1924 ancilla
327 1875 374 1923 aut
402 1867 453 1924 tilii
474 1867 555 1925 simul
582 1884 645 1925 cum
665 1874 744 1941 pater
764 1867 799 1924 ad
820 1868 923 1924 turtum
944 1865 1101 1924 iaciendum
1123 1882 1181 1923 non
1203 1883 1261 1924 am-

199 1964 351 2028 bulaveritz
375 1982 439 2022 nam
460 1965 483 2024 si
504 1965 611 2034 iecerit,
633 1962 806 2024 semelis'illi
827 1963 991 2024 alliciantur.

279 2065 369 2121 161.
411 2063 440 2120 Si
462 2081 555 2120 servus
577 2065 642 2122 dum
674 2064 703 2120 in
731 2064 794 2134 tuga
822 2070 863 2120 est
883 2062 990 2135 positus
1010 2077 1055 2118 res
1075 2060 1181 2133 aliquas
1201 2060 1261 2118 cui-

198 2160 265 2216 levit
285 2161 429 2218 homiuum
452 2162 668 2234 comendaverit,
692 2169 845 2235 posteaque
866 2160 994 2234 proprius
1015 2158 1145 2216 dominus
1167 2161 1260 2233 requi-

199 2256 304 2327 siverit,
327 2265 354 2314 et
375 2258 422 2315 ille
442 2260 489 2333 qui
512 2261 632 2334 suscepit
652 2259 831 2330 denegaverit
851 2266 880 2315 et
894 2257 1150 2332 postea'inventum
1164 2257 1257 2330 tuerit,

199 2371 249 2427 pro
271 2355 372 2412 turtum
394 2374 442 2414 eas
462 2341 591 2414 reddat'

277 2455 366 2512 161.
409 2454 439 2511 Si
460 2455 554 2528 plures
574 2455 702 2511 homiues
723 2453 826 2510 turtum
847 2452 984 2510 inunum
1006 2451 1130 2508 fecerent
1149 2458 1205 2510 tam
1226 2451 1260 2510 li·

198 2549 257 2606 beri
279 2566 363 2623 quam
383 2552 472 2621 servi,
496 2555 584 2609 leceat
605 2568 653 2608 ecs
675 2550 698 2606 si
718 2551 865 2607 vulnerent
884 2567 913 2606 se
935 2549 1047 2606 insimul
1068 2550 1209 2621 adunare,
1232 2559 1261 2608 et

198 2645 300 2703 turtum
320 2649 411 2720 ipsum
432 2649 460 2705 in
478 2649 600 2720 actogssd
614 2649 741 2710 reddere.
766 2648 796 2704 Si
817 2648 879 2722 quis
899 2665 929 2704 se
950 2665 984 2704 ex
1003 2648 1070 2721 ipsis
1084 2648 1257 2721 deriderent,

199 2757 248 2815 pru
269 2761 298 2801 se
321 2753 426 2802 tantum
439 2746 549 2816 legibus
565 2754 718 2820 conponat,
740 2746 770 2803 id
791 2752 833 2802 est
853 2745 944 2819 ipsum
961 2745 1062 2802 lurtum
1075 2745 1127 2802 sibi
1142 2762 1258 2807 nonum.

277 2844 366 2900 164.
409 2843 437 2901 Si
466 2843 538 2900 liber
562 2850 608 2900 aut
638 2860 732 2901 servus
753 2843 871 2899 voluerit
899 2842 965 2899 turis
991 2842 1134 2915 provincie
1157 2843 1256 2916 lugire,

198 2945 226 3020 et
243 2939 339 3011 judex,
363 2949 409 2997 aut
423 2941 592 3014 quicumque
613 2941 642 2996 in
664 2919 728 2998 fluis
742 2939 901 3015 provinciae
915 2940 1028 3008 resedit,
1053 2955 1117 2995 eum
1129 2941 1256 3012 preserit,

199 3042 290 3092 teneat
310 3053 389 3106 eum,
421 3047 449 3094 et
470 3055 515 3094 res
535 3055 604 3111 quas
632 3054 726 3095 secum
747 3037 878 3095 detulerit
903 3038 991 3094 salvas
1018 3035 1114 3103 iaciat3
1144 3042 1173 3094 et
1192 3054 1259 3095 mox

197 3133 304 3190 mandit
324 3135 358 3191 ad
376 3134 500 3207 judicem
531 3136 567 3192 de
588 3137 681 3192 lucum
701 3136 776 3192 unde
796 3134 886 3206 fugire
917 3134 1005 3207 cepit,
1038 3133 1167 3209 quatinus
1194 3151 1258 3193 eum

197 3231 327 3304 recipiat,
350 3240 378 3287 et
398 3233 440 3289 dit
459 3249 510 3305 pru
532 3250 619 3291 unum
640 3234 766 3305 fugacem
787 3231 893 3290 solidus
910 3250 950 3304 rr,
978 3231 1016 3290 ita
1037 3240 1067 3290 ut
1091 3248 1155 3290 cum
1175 3233 1258 3291 rebus

198 3345 266 3402 quas
286 3345 380 3386 secum
401 3330 531 3387 detulerit
550 3333 692 3390 reddatur.
712 3331 749 3388 Et
770 3331 791 3388 si
813 3331 970 3404 contugerit
990 3347 1054 3386 eum
1075 3331 1110 3386 de
1128 3331 1256 3402 legumen

197 3426 296 3497 fugire,
320 3434 431 3499 preveat
450 3437 655 3499 sagramentum
676 3429 724 3486 ille
745 3427 793 3502 qui
814 3445 878 3486 eum
898 3427 997 3493 tenuit,
1021 3429 1097 3502 quod
1118 3446 1175 3485 non
1197 3436 1257 3487 asto

198 3539 261 3582 eum
281 3525 412 3591 laxassit,
445 3527 494 3582 sed
525 3541 590 3582 cum
618 3532 675 3584 tuta
703 3527 832 3584 virtutem
863 3525 1002 3584 custodire
1023 3525 1162 3588 voluissits
1195 3534 1259 3600 pust

197 3621 291 3678 datum
312 3631 515 3681 sacramentum
536 3641 579 3682 res
600 3641 668 3697 quas
691 3624 715 3680 ei
737 3625 799 3681 tulit
819 3626 927 3690 reddat,
949 3640 1063 3696 presure
1085 3631 1177 3681 autem
1199 3641 1255 3682 non

197 3727 309 3792 querat,
331 3723 498 3796 etamplius
524 3739 581 3778 nou
608 3723 822 3781 calumnientur.
865 3723 944 3779 Etsi
971 3721 1053 3792 fugax
1074 3723 1122 3780 ille
1142 3739 1256 3780 manum

197 3818 400 3889 adlegandum
422 3837 479 3876 nun
502 3820 620 3888 dederit,
644 3827 672 3876 et
693 3821 798 3878 occisus
817 3821 910 3891 luerit,
934 3837 991 3876 nun
1010 3821 1177 3894 requiratur,
1202 3822 1255 3880 nisi

197 3915 269 3988 ipsas
289 3933 333 3973 res
354 3918 522 3983 reddantur;
552 3924 580 3974 et
605 3917 629 3974 si
650 3918 697 3976 ille
719 3918 767 3991 qui
788 3919 879 3992 ipsum
900 3919 1030 3990 fugacem
1050 3918 1182 3992 prindere
1208 3936 1256 3978 vu·

196 4013 277 4070 luerit
297 4014 332 4070 ab
353 4015 414 4088 ipsu
436 4015 542 4071 occisus
562 4015 657 4086 tuerit,
680 4033 733 4074 uec
754 4017 813 4090 ipse
834 4017 1001 4091 requiratur.

275 4111 365 4169 166.
386 4111 440 4188 (De
459 4116 619 4184 pntnnartn
638 4118 686 4186 qui
706 4133 785 4188 super
804 4117 904 4186 flumen
921 4124 1031 4188 portum
1051 4115 1187 4192 manus.)
1225 4117 1255 4176 Si

196 4209 258 4283 quis
287 4212 479 4296 portenarium
500 4212 649 4284 pulsaverit
678 4215 755 4286 quod
780 4216 906 4286 fugacem
934 4214 1077 4272 huminem
1097 4221 1145 4272 aut
1164 4215 1255 4274 turem

196 4307 412 4383 transposuissit,
435 4315 463 4366 et
477 4310 655 4383 portenarius
671 4312 824 4383 negaverit,
845 4313 882 4370 ita
894 4312 1074 4379 dicernimus,
1098 4320 1128 4369 ut
1143 4321 1255 4386 preveat

196 4406 270 4464 aulus
290 4414 495 4478 sagramentum
516 4409 592 4481 quod
614 4408 649 4466 ad
670 4409 873 4468 conscientiam
899 4411 985 4484 ipsius
1011 4427 1068 4468 nun
1089 4412 1255 4485 pervenissit

1506 4443 1507 4464 l

1505 4469 1507 4506 l

196 4503 272 4578 (11104ἰ
289 4503 423 4577 suffitibus
438 4514 486 4564 aut
502 4505 614 4579 tugacm
624 4507 843 4582 transposuissit,
858 4514 887 4567 et
899 4509 936 4567 sit
949 4511 1091 4569 exsolutus
1106 4509 1252 4574 calumnia.
1500 4531 1507 4816 q
