3022 5144
299 521 342 584 22

386 700 426 760 Et
450 709 544 779 pectes
574 709 631 759 tres
665 709 716 758 cut
746 709 883 777 quotuor
914 699 1053 762 babuerit.
1100 699 1218 762 Poetee
1232 719 1307 762 uero

299 811 422 893 proprie
446 821 517 874 sunt
539 831 614 874 saxa
639 811 712 872 satis
736 811 828 892 longe
852 813 944 874 etad
968 812 1226 892 perpendiculum
1251 833 1307 875 en·

299 933 385 992 acta,
423 945 462 986 ex
494 924 606 1005 quibus
629 923 707 985 fiunt
730 923 878 986 ostiorum
903 931 1151 1005 antepagmenta.
1199 925 1307 987 Postes

298 1039 329 1099 in
353 1037 463 1109 furno,
500 1037 548 1098 vel
577 1044 626 1110 (ut
648 1035 790 1116 euporius
814 1034 892 1118 uixi)
907 1035 1092 1098 collocandi
1116 1045 1188 1100 sunt
1208 1038 1307 1100 instar

298 1149 382 1231 podii
407 1149 456 1212 vet
487 1149 687 1220 stereobatis‚
721 1147 770 1210 vei
793 1165 850 1230 per
873 1147 1087 1212 circuitionem
1120 1149 1305 1230 disponendi

297 1266 339 1325 ite
363 1271 398 1324 ut
420 1263 459 1324 ab
483 1261 543 1323 iliis
567 1269 698 1342 utraque
721 1261 822 1323 ostioli
846 1261 942 1323 latera
966 1279 1087 1324 necnon
1106 1270 1138 1323 et
1154 1243 1330 1344 posterior'

298 1384 448 1438 structura
471 1373 651 1436 firmentur:
678 1374 719 1434 ita
745 1381 928 1454 conceptum
953 1371 1077 1436 schema
1102 1373 1238 1440 exhibui.

385 1489 425 1548 Et
454 1507 517 1547 cem
541 1488 655 1565 piceam
685 1507 766 1546 suem
794 1487 927 1546 levaverit
958 1489 1090 1546 cccccbca
1113 1497 1172 1550 etc.¹
1210 1487 1307 1550 Pinea

297 1601 451 1682 fastigium
483 1608 548 1672 este
589 1598 668 1676 Galli
697 1602 805 1678 pipoco
839 1608 951 1661 vocant
978 1606 1129 1662 tectorum
1162 1601 1303 1674 culmem
1369 1663 1372 1670 ,

298 1715 341 1778 sic
364 1714 464 1776 Latini
484 1715 681 1792 peecatum,
709 1720 861 1774 nostrates
881 1715 1032 1791 piuoerctu
1056 1713 1180 1776 cutmen
1204 1714 1305 1776 coitur·v

298 1829 343 1889 vis
367 1825 512 1898 aedificii,
540 1825 644 1887 habita
668 1825 772 1888 radice
797 1845 813 1886 a
838 1825 996 1888 notissima
1014 1824 1121 1888 celtica
1142 1846 1307 1906 vcccpcoe

297 1961 352 2002 seu
371 1942 454 2018 pice.

305 2123 311 2134 μ
378 2100 470 2114 ......
510 2051 641 2108 cucccbcs
670 2052 781 2110 ducenti
810 2053 1033 2129 qciequcpietm
1074 2055 1117 2112 itu
1153 2062 1186 2111 ut
1219 2054 1307 2132 pirna

296 2168 359 2243 ipse
382 2165 485 2222 babeat
509 2164 642 2222 caecatos
663 2164 763 2238 cipietr‘
786 2165 926 2240 quinque,
952 2165 1054 2224 ccciccc
1076 2165 1158 2224 tollet
1180 2167 1307 2226 tremisse

296 2297 374 2347 reac;
400 2286 426 2333 et
449 2277 473 2333 si
495 2275 661 2352 quiescentes
685 2277 817 2335 caecabor
847 2275 995 2346 itcbeerit,
1018 2277 1124 2336 tabere
1155 2279 1227 2336 duca
1249 2287 1306 2338 tre·

297 2391 410 2452 mcccc·
444 2398 470 2446 et
503 2389 623 2446 simitte
656 2390 764 2465 suerint
786 2391 910 2459 caecubi,
937 2390 1018 2448 tollet
1040 2391 1144 2449 exinde
1166 2393 1304 2450 mercedes

298 2503 437 2562 tremisses
469 2511 614 2579 quattuor.
669 2500 826 2573 Cacabos,
866 2501 916 2562 vel
952 2501 1102 2563 caccabus
1132 2503 1163 2585 (e
1192 2521 1306 2583 graeco

298 2619 439 2686 κακκάβη,
473 2612 603 2693 sumptis
624 2613 789 2674 'radicibus
820 2613 859 2675 ab
892 2615 940 2674 uri
970 2613 1021 2675 vel
1052 2617 1133 2694 coqui
1162 2623 1192 2676 et
1223 2617 1305 2691 cibis)

298 2726 423 2806 proprie
446 2725 501 2787 fuit
533 2745 587 2786 vas
611 2725 766 2788 culinare:
801 2746 861 2789 una
893 2735 1013 2788 tantum
1045 2746 1121 2788 voce
1153 2727 1303 2800 adbibita,

211 2853 213 2860 ·
296 2838 429 2900 babetur
453 2857 509 2918 pro
533 2857 606 2899 vase
630 2837 729 2911 fictili,
756 2840 781 2900 si
806 2859 845 2900 ex
869 2840 928 2902 alia
953 2840 1080 2902 materia
1104 2839 1207 2913 fuerit,
1232 2847 1306 2902 tunc

298 2951 385 3032 sequi
411 2951 505 3011 debet
528 2949 713 3012 adiectivum
738 2970 840 3011 cereces
865 2959 923 3017 etc.

386 3063 430 3124 De
456 3082 598 3124 vasorum
628 3083 685 3124 usu
716 3063 747 3124 in
772 3061 921 3126 aedificiis
945 3064 1180 3144 disputaverunt
1203 3063 1304 3126 arcbi·

297 3177 371 3239 tecti
394 3175 543 3257 postremi
569 3175 727 3256 nostrique
750 3176 838 3250 aevi,
872 3175 1022 3260 disseram
1046 3184 1077 3238 et
1100 3197 1158 3260 ego
1182 3185 1305 3259 arrepto

298 3290 479 3361 occasione,
497 3286 668 3367 'multaque
693 3287 875 3352 emendabo.
924 3289 1070 3351 Fornices
1094 3289 1175 3352 vasis
1199 3290 1305 3352 referti

298 3401 573 3481 plurimi-adsunt,
614 3399 667 3480 qui
692 3399 817 3466 labente
842 3419 975 3462 romena·
998 3421 1031 3462 rc
1051 3403 1219 3465 constructi
1241 3402 1306 3466 fue-

298 3520 386 3574 runt:
411 3513 443 3573 in
467 3493 542 3573 iltis
559 3512 676 3574 idcirco
699 3511 881 3592 praesertim
906 3520 1011 3575 notata
1033 3511 1173 3588 inerunt,
1200 3515 1243 3577 uti
1267 3517 1305 3579 ad

218 3623 221 3630 ’
287 3615 420 3685 -ltomuii
452 3622 566 3684 circum
596 3645 614 3686 a
644 3623 804 3688 Maxentio
836 3625 1023 3699 cxcitatum,
1056 3635 1087 3688 et
1120 3629 1160 3690 ad
1197 3629 1306 3691 {anum

299 3737 557 3818 quadrifrontem:
588 3737 704 3800 Romae
735 3739 851 3820 pariter
872 3739 1000 3802 visenda
1023 3741 1063 3802 ad
1086 3741 1250 3804 rotundam
1273 3741 1303 3802 S.

298 3849 468 3930 Stephani,
505 3849 643 3931 itemque
672 3851 840 3916 Ravennae
869 3853 908 3914 ad
940 3853 1038 3914 sancti
1064 3851 1191 3926 Vitalis,
1225 3873 1304 3936 quae

299 3983 409 4025 sacrae
435 3963 530 4025 aedes
563 3962 587 4020 V
612 3971 641 4024 et
666 3963 707 4024 vt
730 3965 856 4026 saeculo
881 3972 1099 4028 erectaesunt
1113 3986 1125 4040 ;Ι
1153 3965 1186 4026 in
1218 3965 1303 4028 bisce

299 4097 372 4138 vero
397 4086 468 4139 sunt
490 4077 590 4140 tubuli
615 4077 775 4160 cylindrici
799 4079 848 4140 vei
872 4077 1094 4161 amphorulae.
1127 4080 1166 4142 ad
1190 4081 1303 4143 circum

297 4197 368 4250 sunt
391 4189 472 4251 oilae
497 4198 527 4252 et
551 4191 640 4264 cadi,
674 4192 712 4254 ad
743 4175 1007 4256 ianum'caccabi.
1054 4191 1302 4272 Duplextamen

299 4303 535 4365 architectorum
567 4324 670 4378 error,
705 4325 835 4385 quorum
864 4305 942 4368 altor
965 4305 997 4368 in
1022 4325 1058 4368 oo
1083 4305 1233 4388 estquod
1257 4305 1302 4368 ai·
