3048 5130
576 454 714 500 cnrcrurr
737 455 804 504 car.
829 451 887 494 s-
900 451 934 496 rs.
1260 441 1280 502 7

220 606 357 664 morant
377 612 405 662 et
425 606 544 678 prohare
566 621 624 662 nou
647 605 749 679 poterit
768 604 909 680 widrigild
930 621 980 664 saro
1002 611 1153 681 conponat,
1174 606 1281 664 medic-

220 711 305 760 tatem
326 704 396 775 regi.
419 710 448 760 et
467 703 645 761 medietatem
667 702 711 760 cui
732 703 839 760 crimen
860 704 994 778 injectum
1015 704 1108 762 luerit.

247 868 250 878 Ι
299 804 361 859 ru.
403 801 433 858 Si
455 801 518 875 quis
539 801 623 857 homo
644 801 717 858 liber
737 802 767 858 in
789 802 902 860 alterius
923 810 1012 860 morte
1033 801 1230 871 consiliaverit,
1252 808 1281 858 et

221 917 255 958 ex
276 900 336 973 ipso
357 899 476 956 consilio
496 906 622 956 mortuos
643 916 700 956 non
723 899 822 972 luerit,
853 907 919 957 tuuc
945 900 1006 973 ipse
1031 899 1194 958 consiliator
1214 915 1283 956 cou-

221 1005 307 1072 pouat
327 998 439 1054 soledus
460 997 573 1067 vigenti.
951 1007 953 1012 ’

300 1098 353 1152 11.
377 1094 427 1166 (De
437 1097 548 1152 oonsilio
559 1093 675 1167 mortis.)
707 1095 738 1152 Si
751 1095 879 1154 homenis
895 1096 976 1154 liberi
996 1096 1070 1154 inter
1090 1112 1120 1154 se
1141 1095 1170 1152 iu
1191 1103 1281 1154 morte

220 1192 334 1260 alterius
355 1193 545 1250 consiliaverit
569 1193 630 1250 siue
658 1193 732 1264 regis
752 1194 916 1259 consilium,
949 1201 977 1250 et
1001 1211 1036 1250 ex
1062 1194 1124 1268 ipso
1151 1200 1282 1251 tractatus

219 1297 344 1348 mortuos
365 1305 424 1346 non
446 1290 545 1360 luerit,
578 1298 721 1364 conponat
747 1291 938 1366 unusquisque
963 1293 1075 1350 soledos
1103 1291 1225 1362 vigentia
1254 1299 1281 1349 et

219 1389 242 1445 si
264 1405 299 1444 ex
318 1389 380 1462 ipso
401 1388 549 1445 consilium
569 1396 693 1446 mortuos
714 1388 816 1456 luerit,
850 1395 916 1446 tuuc
936 1389 983 1446 ille
1012 1391 1059 1464 qui
1081 1389 1220 1447 homicida
1241 1396 1283 1446 est

219 1495 363 1559 conponat
379 1487 469 1559 ipsum
487 1493 627 1543 mortuum
643 1487 715 1544 sicut
728 1487 922 1561 adpraeciatus
933 1489 1025 1559 luerit,
1048 1487 1121 1545 idest
1134 1488 1281 1558 widrigild.

300 1586 359 1641 18.
401 1584 430 1640 Si
459 1585 515 1640 duo
541 1591 588 1640 aut
613 1589 670 1640 tres
690 1585 820 1642 homenis
842 1586 899 1641 sire
920 1587 1039 1659 amplius
1063 1586 1144 1643 liberi
1165 1585 1283 1643 homici-

219 1683 297 1740 dium
319 1681 543 1755 penetraverint,
576 1689 604 1737 et
631 1683 777 1738 voluereut
797 1699 827 1739 sc
848 1684 973 1740 adunare
997 1690 1028 1740 ut
1056 1684 1085 1740 iu
1107 1699 1193 1740 uuum
1213 1700 1281 1740 con·

219 1787 327 1853 ponant
346 1779 417 1838 sicut
437 1779 627 1852 adpreciatum
649 1780 741 1849 luerit,
764 1781 801 1836 sit
819 1779 860 1837 eis
881 1780 1023 1837 adunandi
1044 1779 1166 1838 licentia.
1202 1779 1281 1836 Etsi

219 1878 321 1950 aliquis
341 1894 371 1934 se
394 1878 430 1933 de
451 1877 518 1950 ipsis
534 1877 712 1948 subtraxerit,
736 1887 764 1934 et
780 1894 837 1934 uon
853 1877 976 1949 potuerit
995 1895 1025 1934 sa
1043 1877 1190 1951 purificare
1211 1876 1283 1934 sicut

220 1977 264 2032 lex
286 1975 373 2045 hahit,
399 1976 476 2049 quod
497 1991 549 2032 nec
569 1977 651 2048 plaga
672 1992 725 2033 nec
739 1976 819 2032 lerita
840 1975 869 2032 in
892 1976 984 2049 ipsum
1001 1975 1143 2032 hominem
1164 1973 1213 2047 qui
1233 1989 1282 2032 oc-

221 2074 294 2131 cisus
315 2082 355 2130 est
379 2090 436 2130 uon
459 2073 578 2142 fecissit,
610 2082 677 2130 tuuc
703 2073 738 2130 sit
758 2073 907 2146 culparetis
931 2073 1002 2130 sicut
1028 2080 1057 2130 et
1075 2075 1122 2132 alii
1143 2079 1192 2151 qni
1213 2099 1282 2140 con-

220 2173 329 2244 posuit:
352 2179 381 2228 et
399 2171 423 2228 ri
443 2187 473 2227 se
494 2170 689 2244 purificaverit,
712 2170 749 2227 sit
768 2171 912 2228 absolutus
933 2189 949 2227 a
969 2188 1043 2245 pena
1062 2171 1215 2238 homicidii.
1249 2181 1278 2238 Si

221 2271 362 2326 tamenin
385 2269 503 2326 consilio
525 2268 624 2339 luerit,
657 2275 816 2342 conponat,
848 2276 1008 2342 utsupra,
1032 2271 1144 2329 soledos
1163 2292 1210 2344 xx,
1233 2287 1280 2334 aut

220 2375 293 2425 certe
315 2368 350 2424 de
366 2367 458 2440 ipsum
478 2367 627 2424 consilium
647 2383 678 2423 sc
699 2366 827 2439 purificet
846 2366 870 2422 si
891 2368 1021 2440 potuerit

299 2468 358 2525 18·
400 2466 430 2522 Si
460 2466 522 2539 quis
549 2466 694 2523 dominum
720 2481 802 2522 suum
828 2465 977 2537 occiserit,
1009 2469 1101 2540 ipsum
1127 2471 1278 2533 occidatur.

221 2566 250 2623 Si
272 2565 335 2638 quis
362 2565 452 2638 ipsum
481 2566 621 2622 humicida
648 2565 793 2622 defensare
819 2565 938 2622 voluerit
964 2566 1013 2639 qui
1033 2567 1178 2626 dominum
1199 2587 1280 2628 suum

220 2663 371 2732 occiderit,
404 2663 439 2719 sit
459 2663 609 2736 culparetis
639 2663 751 2720 soledus
781 2661 984 2735 noniugintos,
1006 2665 1184 2723 medietatem
1205 2669 1275 2740 regi,

220 2760 398 2818 medietatem
420 2761 582 2833 parentibus
602 2762 722 2828 mortui3
744 2769 772 2817 et
792 2761 840 2834 qui
861 2760 938 2818 illius
954 2763 1056 2819 mortui
1070 2763 1200 2836 injuriam
1220 2766 1280 2822 riu-

220 2858 370 2914 dicandam
392 2858 570 2929 denegaverit
591 2858 711 2929 solacia,
739 2859 762 2915 si
785 2858 898 2932 quidem
923 2867 1038 2930 rogatus
1062 2861 1162 2930 luerit,
1194 2879 1279 2921 unus·

219 2955 337 3028 quisque
359 2963 500 3028 conponat
521 2956 626 3012 solidos
644 2955 874 3029 quinquegenus,
897 2957 1074 3016 medietatem
1088 2959 1158 3030 regi,
1182 2966 1279 3019 etme-

220 3052 351 3110 dietatem
372 3054 417 3109 cui
441 3053 544 3111 solacia
564 3053 752 3124 denegaverit

299 3152 358 3207 14.
382 3149 431 3222 (Dc
450 3151 545 3224 mort.)
589 3151 619 3207 Si
640 3149 703 3224 quis
723 3150 906 3208 homicidium
933 3151 963 3207 in
984 3152 1120 3210 absconso
1150 3163 1279 3227 penetra-

220 3248 289 3304 verit
308 3248 337 3304 in
358 3248 473 3306 homine
488 3249 588 3317 libero,
612 3264 705 3326 servo,
726 3250 770 3306 rel
783 3248 895 3319 ancilla,
917 3257 943 3306 et
965 3265 1035 3306 unus
1053 3249 1135 3307 luerit
1155 3260 1202 3309 aut
1222 3253 1278 3312 duo

220 3355 326 3406 tantm
347 3349 394 3422 qui
417 3349 508 3421 ipsum
529 3332 845 3420 homicidium‘lecerit,
878 3349 1066 3420 noningentos
1086 3350 1191 3407 solidos
1211 3370 1279 3409 cou-

218 3455 315 3520 ponat.
360 3446 390 3502 Si
411 3463 476 3503 vero
498 3449 590 3520 plures
611 3447 725 3516 luerint,
748 3447 771 3504 si
787 3448 935 3520 ingenuus,
958 3448 1078 3520 qualiter
1097 3447 1126 3504 in
1143 3466 1280 3523 angarga·

220 3543 318 3615 thungi
339 3543 430 3617 ipsum
452 3545 633 3602 homicidium
654 3552 813 3618 conponat3
836 3545 858 3601 si
880 3561 973 3602 seruis
994 3552 1042 3603 aut
1062 3547 1188 3616 libertus,
1212 3566 1279 3606 cou-

219 3649 307 3714 pouat
326 3642 418 3715 ipsum
438 3651 469 3700 ut
487 3643 658 3717 adpretiatus
691 3642 782 3702 luerit.
804 3643 841 3699 Et
861 3643 883 3698 si
905 3643 1016 3715 capolia
1037 3646 1073 3701 de
1092 3646 1184 3719 ipsum
1204 3663 1279 3704 mor·

221 3749 298 3798 tuum
320 3742 423 3810 tulerit,
446 3741 475 3798 id
496 3754 538 3798 est
559 3741 707 3814 plodrauh,
730 3746 872 3814 conponat
892 3748 1040 3812 octogenta
1060 3744 1174 3803 solidus.

299 3838 359 3896 lo.
391 3840 441 3911 (Dc
460 3838 640 3912 crapacorio.)
684 3838 714 3895 Si
742 3838 805 3911 quis
825 3839 996 3911 sepulturam
1022 3841 1150 3897 homenis
1175 3843 1277 3899 mortui

219 3939 334 4008 ruperit,
359 3944 387 3992 et
406 3953 506 4010 corpus
530 3937 712 4011 expoliaverit
730 3943 778 3995 aut
797 3935 865 3994 toris
878 3937 1031 4010 jactaverit,
1055 3953 1144 3995 occec
1165 3937 1276 3996 soledus

219 4035 256 4090 sit
276 4035 425 4107 culparetis
446 4036 608 4110 parentibus
628 4035 746 4110 sepulti;
778 4042 806 4092 et
834 4034 858 4092 si
881 4036 1002 4108 parentis
1023 4051 1080 4091 nou
1110 4035 1192 4091 luerit
1211 4051 1276 4109 pro·

218 4132 304 4201 xinu,
327 4140 393 4190 tnnc
413 4135 563 4205 gastaldius
583 4135 657 4206 regis
677 4142 725 4192 aut
743 4135 882 4192 sculdahis
903 4135 1026 4208 requiret
1045 4133 1155 4206 culpam
1175 4134 1274 4208 ipsam,

220 4238 249 4289 et
268 4248 284 4288 a
305 4239 382 4288 curte
402 4232 476 4304 ragis
497 4241 604 4304 exegat
691 4280 694 4288 .

300 4330 655 4404 dementarentur.)
699 4329 730 4388 Si
757 4330 820 4404 quis
846 4331 989 4388 hominem
1010 4337 1150 4390 mortuum
1175 4331 1204 4388 in
1227 4333 1278 4389 tlu-

222 4430 299 4490 miue
325 4436 374 4488 aut
394 4429 462 4488 loris
482 4428 637 4500 invenerit,
664 4436 693 4488 et
712 4429 893 4504 expoliaverit
915 4437 961 4486 aut
981 4428 1048 4487 loris
1065 4429 1211 4504 iactaherit
1229 4437 1278 4489 aut
