3022 5144
539 509 923 562 ammoneantur-414.
1219 494 1261 558 dd
1300 507 1303 518 '

196 664 357 731 invertissit.
386 672 414 722 et
440 665 588 723 conludius
614 665 675 738 ipse
703 663 879 736 apparuerit,
908 670 939 722 et
956 669 1033 722 certa
1058 663 1141 722 tirerit
1159 665 1260 727 verim

196 764 362 836 adpruvata:
393 770 535 837 conponat
561 763 621 836 ipse
642 761 690 835 qui
711 778 776 822 eum
796 760 1019 833 adpraebindere
1038 777 1092 836 per
1111 765 1194 820 talem
1216 765 1260 822 in·

197 863 280 933 genio
302 861 546 946 presumpserit'ei
567 861 645 935 eujus
665 859 748 916 suerit
768 876 861 915 servus
882 868 928 917 aut
946 860 1035 919 aldius
1050 868 1186 932 quantum
1200 861 1259 936 ipse

197 977 358 1036 conponere
369 959 475 1030 debuit,
499 959 522 1016 si
539 959 644 1031 absque
661 957 823 1015 conludium
839 965 885 1012 aut
901 958 1026 1016 fraudem
1043 975 1106 1014 eum
1126 958 1259 1032 presissit,

197 1057 227 1114 id
248 1065 290 1114 est
309 1058 412 1115 lurtum
433 1057 525 1132 ipsum
547 1056 622 1130 quod
645 1057 780 1128 querebat
800 1055 829 1111 iu
852 1055 991 1126 aotogild,
1023 1064 1051 1112 et
1076 1073 1127 1129 pro
1148 1056 1260 1116 inlecita

199 1155 409 1229 presumptione
429 1155 535 1212 solidos
556 1154 764 1228 quadragenta3
793 1159 821 1209 et
847 1153 869 1209 si
892 1154 994 1212 turtum
1020 1170 1077 1208 noo
1106 1155 1258 1228 repetierit,

198 1252 251 1309 nisi
283 1253 316 1308 de
344 1253 426 1310 tacito
448 1253 476 1309 in
500 1258 605 1308 curtem
628 1267 704 1306 suam
727 1251 947 1323 conpraebinsus
969 1250 1087 1322 dixerit,
1119 1259 1261 1328 conponat

198 1351 303 1406 solidos
324 1351 532 1423 quadragenta,
556 1349 579 1404 si
601 1349 660 1422 ipse
683 1347 829 1404 conludius
851 1350 1017 1421 apparuerit.

277 1446 396 1522 (Vllll.)
418 1449 498 1505 lle.
520 1448 560 1501 lle
582 1446 674 1519 puella
696 1445 771 1501 unde
792 1453 873 1502 autea
895 1447 1032 1516 dixemus,
1056 1447 1135 1505 utin
1157 1449 1262 1506 duode-

198 1545 271 1602 cimo
292 1562 367 1602 anno
390 1543 513 1615 legitima
534 1544 570 1599 sit
591 1543 626 1600 ad
647 1542 855 1607 maritandum,
885 1543 927 1599 sic
946 1544 1032 1600 modo
1053 1545 1207 1612 statuimus,
1230 1553 1261 1603 ut

197 1660 255 1702 aon
275 1644 427 1702 intrantem
448 1642 509 1714 ipso
532 1641 699 1701 duodecimo
720 1657 815 1707 anno,
839 1640 888 1696 sed
909 1641 1041 1713 expleto,
1068 1641 1108 1700 sio
1129 1643 1165 1702 sit
1185 1645 1259 1716 lege-

198 1741 292 1799 tinam
314 1743 349 1798 ad
370 1739 567 1798 maritandum.
609 1737 677 1798 ldeo
699 1754 773 1795 nuno
794 1738 848 1795 hoo
869 1737 1002 1806 dicimus,
1025 1738 1091 1811 quia
1112 1741 1196 1800 multe
1217 1741 1261 1798 in·

196 1839 330 1896 tentionis
351 1839 386 1896 de
407 1853 518 1896 oausam
545 1836 627 1894 istam
647 1835 848 1906 cognovimus3
881 1843 908 1894 ot
929 1835 1037 1910 apparit
1057 1838 1158 1904 nobis,
1182 1839 1280 1911 quod'

198 1939 335 1995 inmatura
357 1951 439 1994 causa
459 1933 495 1996 sit
514 1941 579 1992 ante
600 1917 727 2006 expletus
747 1934 895 1992 duodicem
916 1951 1016 1993 annos.

278 2033 338 2108 (X.)
365 2035 445 2094 118·
474 2031 504 2089 Si
526 2031 588 2105 quis
608 2032 811 2102 Langobardus
832 2033 949 2090 voluerit
977 2032 1007 2090 iu
1027 2031 1100 2089 tilios
1120 2048 1184 2088 suos
1206 2033 1260 2090 sibi

197 2135 269 2190 bene
290 2132 474 2194 servientibus
495 2130 601 2203 aliquid
622 2130 727 2201 largiri,
752 2131 852 2190 babeat
869 2130 1011 2188 licentiam
1031 2129 1061 2189 in
1083 2131 1136 2190 lvoc
1156 2132 1257 2191 modos

198 2237 228 2288 ut
247 2231 271 2288 si
292 2229 395 2288 luerint
415 2229 471 2285 duo
493 2228 555 2298 tilii,
577 2228 688 2288 tertiam
703 2235 809 2300 partem
824 2227 994 2300 supstantiae
1014 2244 1079 2288 snae
1095 2229 1183 2300 possit
1202 2245 1262 2288 nae-

197 2327 299 2387 lioaaro
327 2344 409 2396 eum,
441 2326 490 2400 qui
511 2326 537 2385 ei
567 2327 641 2385 bene
671 2333 699 2384 et
718 2326 870 2384 secundum
892 2326 954 2382 Deo
976 2325 1108 2384 ovediens
1129 2327 1213 2384 tuerit
1233 2333 1261 2384 et

197 2425 341 2490 servierits
371 2431 399 2484 et
426 2423 451 2482 si
479 2431 533 2480 tres
565 2423 693 2492 luerent,
724 2423 824 2484 babeat
844 2423 986 2484 licentiam
1007 2431 1133 2495 quartana
1155 2431 1262 2498 partem

198 2524 346 2584 meliorare
375 2539 458 2596 quem
486 2523 625 2588 voluerits
657 2527 686 2582 et
715 2521 738 2576 si
767 2520 876 2578 tuerent
905 2527 1037 2593 quattuor
1056 2521 1125 2592 tilii,
1159 2523 1260 2582 tribnat

199 2623 327 2694 quintam
347 2627 471 2694 partem3
494 2627 522 2676 et
542 2620 564 2676 si
587 2620 696 2678 tuerent
716 2618 842 2691 quinque
862 2617 933 2686 filii,
956 2624 1062 2678 mutarn
1082 2628 1210 2691 pertenta
1232 2628 1262 2682 et

198 2719 221 2776 si
242 2719 351 2776 luerent
371 2735 430 2788 sex,
454 2717 619 2791 septimam
642 2722 669 2773 et
689 2716 712 2772 si
726 2717 846 2789 amplius
861 2716 981 2780 luerent,
1005 2733 1055 2783 per
1075 2717 1129 2776 hoo
1149 2719 1261 2780 nomino

198 2825 355 2890 percurrat:
378 2823 408 2873 ut
429 2831 539 2889 semper
560 2814 608 2888 qui
629 2820 708 2888 pater
729 2820 770 2873 est
789 2815 911 2871 vicorem
933 2813 1052 2879 babeat,
1086 2816 1207 2888 qualiter
1234 2816 1260 2874 ei

199 2917 248 2972 dlii
271 2916 312 2972 sui
334 2921 426 2984 reete,
458 2919 488 2970 ut
509 2912 647 2982 diximus,
679 2911 812 2968 obediant
832 2918 860 2968 et
886 2911 1023 2978 serviaut3
1056 2919 1084 2968 et
1111 2896 1134 2969 si
1155 2913 1181 2970 ei
1203 2915 1260 2971 todi

200 3015 273 3070 bene
294 3011 457 3078 servierint,
487 3011 608 3077 babeant
629 3009 825 3082 aequalitatem
846 3009 1015 3066 substantiae
1038 3009 1135 3082 patris.
1178 3011 1261 3080 Quod

200 3112 222 3168 si
245 3111 373 3168 forsitans
393 3107 576 3184 quiscumque
597 3107 748 3169 secundam
773 3113 820 3166 aut
841 3107 952 3164 tertiam
972 3106 1118 3169 mulierem
1140 3108 1260 3175 duxerit,

200 3208 374 3266 ethabuerit
403 3207 477 3263 tilius
507 3213 535 3263 et
562 3207 596 3263 de
627 3205 797 3263 anteriorem
818 3205 936 3278 conjoge
963 3211 991 3262 et
1016 3206 1051 3262 de
1078 3214 1260 3279 sequentem:

199 3323 256 3362 non
278 3307 379 3362 habeat
399 3310 562 3379 potestatem
584 3303 647 3362 illos
664 3303 844 3375 posteriores,
868 3319 987 3376 quorum
1006 3309 1095 3360 mater
1105 3303 1180 3374 vivit,
1203 3322 1263 3362 me·

200 3404 298 3460 liorem
321 3403 410 3460 lacere
431 3403 498 3459 dum
518 3401 579 3478 ipsa
601 3401 747 3472 advixerit,
771 3418 806 3458 no
828 3401 1016 3478 donatique
1034 3403 1110 3474 quod
1132 3420 1182 3476 per
1194 3403 1262 3478 ipsa

200 3503 346 3558 mulierem
367 3501 429 3558 talis
450 3501 541 3558 soasio
563 3501 633 3556 sacta
655 3499 763 3564 suissit3
786 3498 917 3556 defuncta
938 3505 1030 3555 autem
1049 3501 1195 3559 mulierem
1216 3519 1264 3576 pa·

200 3605 242 3655 ter
260 3601 402 3656 licentiam
422 3599 524 3655 babeat
546 3598 636 3654 iacere
666 3598 738 3653 siovrt
766 3613 848 3668 supra
876 3597 985 3668 legitur.
1029 3597 1100 3668 Qula
1121 3600 1263 3658 oredimus

200 3697 353 3754 secundum
373 3697 463 3752 Deum
484 3711 554 3764 esse,
578 3702 608 3752 ut
625 3696 691 3751 dum
709 3709 802 3750 servus
819 3695 867 3768 qui
883 3696 956 3751 bene
969 3697 1093 3754 serviunt
1102 3698 1264 3754 melioratus

200 3795 319 3853 vidimus
339 3802 368 3852 et
383 3799 576 3851 remuneratus
598 3809 613 3849 a
630 3791 754 3850 dominis
774 3792 841 3862 suis,
865 3808 949 3864 quam
966 3793 1030 3850 illos
1051 3794 1098 3867 qui
1114 3802 1189 3851 recte
1203 3811 1262 3852 non

200 3894 339 3951 serviunt:
363 3899 469 3966 quantu
490 3890 578 3963 magis
599 3891 704 3948 debent
724 3891 784 3947 beri
806 3897 880 3948 recta
902 3907 994 3962 causa,
1017 3898 1048 3948 ut
1067 3893 1152 3948 homo
1174 3893 1264 3950 tilium

199 4007 279 4048 suum
301 3991 449 4048 meliorare
470 3995 498 4047 et
518 4006 697 4048 remunerare
717 3988 815 4062 possit,
839 3989 887 4063 qui
909 3990 935 4046 ei
957 3990 1055 4047 melius
1075 3989 1223 4046 servierit?

283 4087 356 4163 (xl.)
384 4090 463 4146 114.
493 4088 523 4144 Si
544 4090 637 4161 puella
657 4089 718 4145 sine
739 4089 880 4145 volontate
902 4094 1050 4160 parentum
1069 4087 1206 4145 absconse
1227 4089 1263 4144 ad

201 4185 331 4242 moritum
352 4186 552 4253 ambolaverit,
583 4185 657 4242 etei
679 4193 752 4242 meta
773 4201 826 4242 nec
848 4185 911 4242 data
938 4201 990 4242 nee
1011 4184 1145 4257 promissa
1168 4186 1261 4256 luerit,

201 4289 230 4337 et
249 4284 405 4353 contegerit
425 4291 455 4340 ut
475 4286 590 4341 maritus
610 4283 671 4356 ipse
692 4291 774 4340 antea
800 4282 936 4342 moriatur
955 4299 1038 4355 qnam
1060 4283 1205 4340 mundium
1227 4285 1264 4340 do

203 4397 264 4438 eam
285 4380 383 4438 iaciat:
415 4388 547 4442 mutante
568 4381 604 4438 sit
623 4381 683 4454 ipsa
704 4381 824 4449 mulier,
857 4397 909 4440 nee
931 4379 1017 4454 possit
1044 4387 1139 4453 postea
1159 4387 1263 4440 menn

203 4493 320 4550 querere
352 4477 387 4534 ab
408 4476 550 4536 beretibus
571 4478 629 4552 ejus
657 4479 706 4552 qui
727 4480 873 4536 defunctus
894 4484 952 4543 est3
983 4492 1034 4552 pro
1062 4494 1096 4534 oo
1117 4479 1194 4553 quod
1212 4495 1265 4536 ne-
