3022 5144
545 577 683 620 sororum
706 576 772 622 car.
796 573 881 615 ι-ι.
1195 555 1258 620 tlt

203 727 284 784 nibus
301 728 435 800 justitiam
455 735 609 797 conservet,
631 728 669 784 ita
690 733 720 783 ιιι
741 726 776 782 de
797 726 874 783 nullo
896 725 1041 783 hominem
1056 725 1194 799 premium
1215 743 1260 783 ae-

202 825 307 898 cipiat,
339 826 410 884 sicut
436 825 494 897 jam
522 841 573 898 per
593 839 706 882 manum
728 823 859 897 scriptam
881 824 962 882 nobis
981 825 1188 898 promiserunt:
1213 825 1261 898 qui

204 923 283 980 aliter
300 923 480 996 J'udicaverit,
511 925 664 996 iudicatum
686 941 766 981 suum
788 925 932 984 ammittat.
975 925 1031 981 Sed
1052 925 1075 981 si
1096 925 1158 998 quis
1175 925 1262 997 judex

203 1022 305 1077 amodo
327 1023 481 1092 neglexerit
505 1023 653 1079 arimanno
683 1039 734 1078 suo
762 1022 840 1078 diviti
860 1032 907 1078 aut
928 1023 1042 1096 pauperi
1071 1025 1113 1080 vel
1140 1024 1263 1080 cuicum·

201 1137 257 1193 que
279 1121 388 1176 homini
407 1120 540 1192 justitiam
557 1120 693 1192 judicare,
717 1121 870 1178 ammittere
892 1121 991 1177 debeat
1009 1121 1162 1193 judicatum
1183 1139 1263 1179 suum

200 1227 231 1274 et
252 1219 408 1285 honorem,
443 1227 470 1273 et
491 1227 633 1289 conponat
653 1218 682 1272 in
709 1219 811 1289 palatio
840 1217 914 1288 regis
943 1219 1083 1297 widrigild
1108 1237 1204 1286 suum,
1236 1227 1264 1276 et

203 1315 243 1371 illi
265 1331 426 1387 conponere
448 1314 548 1371 debeat
569 1314 688 1387 qualiter
706 1315 798 1370 Edisti
812 1316 939 1372 continet
952 1316 1066 1388 pagina,
1088 1317 1133 1374 cui
1151 1319 1264 1390 justiam

201 1412 325 1483 judicare
347 1412 517 1482 neglexerim
546 1412 679 1484 quoniam
697 1413 755 1483 jam
776 1419 845 1468 teste
866 1413 927 1468 Deo
949 1412 1093 1484 dicemus,
1125 1415 1190 1487 qnia
1211 1431 1265 1471 nec

204 1510 304 1566 alicubi
326 1511 368 1565 vel
390 1511 424 1566 ad
446 1510 600 1565 orationem
621 1525 767 1580 possumus
788 1509 864 1566 exire
893 1517 941 1566 aut
961 1511 1131 1585 ubicumque
1152 1512 1266 1570 caballi-

203 1625 277 1672 care,
301 1615 414 1680 propter
434 1608 660 1663 reclamationem
680 1608 832 1663 multorum
854 1607 1010 1665 hominum.
1048 1609 1116 1666 ldeo
1137 1611 1191 1668 hoc
1211 1617 1266 1668 sta·

204 1706 316 1774 tuimus,
340 1712 367 1761 et
386 1706 513 1761 volumus
534 1712 564 1759 ul
585 1705 675 1760 omnis
694 1705 780 1776 judex
801 1704 856 1760 hoc
877 1704 976 1774 saciat,
1000 1713 1030 1761 ut
1049 1706 1103 1762 Dei
1124 1723 1182 1764 non
1204 1724 1267 1780 pre·

205 1804 309 1860 viamus
332 1803 452 1865 offerrem
478 1810 506 1857 et
534 1803 586 1873 ipsi
612 1802 720 1873 judices
751 1803 877 1858 volumus
906 1809 936 1859 ut
955 1803 985 1858 in
1008 1820 1041 1860 eo
1063 1805 1156 1860 tinore
1176 1805 1265 1877 preci·

205 1903 283 1975 piant
307 1919 322 1957 a
349 1901 488 1958 sculdahis
510 1916 574 1956 suos
596 1906 642 1956 aut
663 1917 678 1956 a
699 1901 876 1957 centenarios
908 1909 954 1957 aut
974 1902 1009 1957 ad
1030 1901 1202 1973 locopositos
1223 1902 1265 1959 vel

206 2016 276 2072 quos
305 2001 356 2056 sub
387 2016 416 2055 se
447 1985 551 2054 hibent
573 1998 731 2067 ordinatos,
761 2005 791 2053 ut
818 2005 846 2054 et
866 1999 919 2070 ipsi
940 1997 1067 2055 similiter
1088 1998 1209 2068 iaciant,
1238 2004 1267 2055 et

205 2099 369 2171 promittant
395 2098 431 2154 ad
457 2097 581 2168 judicem
612 2111 691 2151 suum
713 2095 784 2152 sicut
809 2103 837 2152 et
857 2097 910 2169 ipsi
929 2095 1038 2169 judices
1060 2096 1142 2153 nobis
1161 2095 1266 2169 promi-

205 2202 316 2253 serunt:
339 2203 369 2251 ut
389 2194 425 2250 sit
445 2195 526 2250 nobis
548 2202 575 2248 et
595 2193 650 2249 illis
666 2194 864 2266 tranquillitas,
887 2200 915 2250 et
928 2195 1071 2251 mercedes
1092 2195 1265 2252 inanimam.

207 2295 276 2351 Nam
297 2295 348 2367 qui
367 2309 382 2348 a
409 2299 537 2364 presente
559 2291 605 2348 die
626 2290 808 2347 kalendarum
828 2292 990 2348 martiarum
1011 2309 1043 2348 ea
1064 2309 1120 2365 que
1141 2291 1267 2364 superius

206 2395 337 2463 leguntur
359 2407 415 2445 non
438 2388 644 2446 conservaverit
665 2396 712 2444 aut
733 2405 790 2444 non
812 2391 999 2462 conpleverit,
1023 2396 1051 2446 et
1071 2397 1160 2448 tantas
1180 2391 1267 2446 recla-

206 2491 343 2546 mationes
364 2489 399 2544 ad
420 2503 471 2542 nos
492 2485 636 2542 venerint:
667 2485 759 2557 primo
781 2487 921 2556 omnium,
955 2487 990 2543 de
1020 2487 1097 2559 cinus
1121 2487 1267 2560 judiciaria

207 2588 266 2659 ipse
288 2587 371 2644 homo
386 2585 521 2656 iustitiam
536 2599 594 2639 non
615 2584 742 2640 habuerit
763 2591 791 2640 et
802 2585 846 2640 ‘ad
862 2601 913 2640 nos
930 2585 1048 2654 venerit,
1071 2584 1140 2642 sciat
1156 2601 1185 2640 se
1203 2584 1268 2657 quia

208 2686 242 2741 dc
262 2685 325 2756 ipso
346 2683 454 2739 honore
475 2698 539 2738 eum
561 2680 744 2754 expellimus;
775 2690 803 2737 et
823 2697 873 2754 per
894 2684 986 2739 nullos
1007 2690 1139 2756 patronos
1166 2681 1269 2756 poterit

208 2783 353 2855 optinere,
377 2787 407 2837 ut
427 2782 563 2836 honorem
585 2795 665 2835 suum
687 2794 744 2834 non
767 2779 891 2850 amittat,
923 2787 950 2836 et
978 2780 1059 2836 nobis
1086 2787 1113 2837 et
1133 2780 1189 2837 illis
1210 2795 1267 2836 non
1313 2809 1318 2814 ·

208 2887 349 2952 conponat
369 2881 413 2935 cui
440 2877 575 2950 iustitiam
602 2877 692 2932 lacere
724 2877 865 2947 neglexit,
899 2879 970 2934 sicut
999 2894 1082 2951 supra
1102 2877 1267 2943 statuimus3

209 2978 274 3050 quia
295 2975 490 3047 cognoscimus
511 2991 575 3031 eum
596 2990 648 3030 nec
669 2974 723 3030 Dei
745 2991 797 3030 nec
818 2981 944 3032 nostrum
971 2993 1031 3032 esse
1053 2975 1184 3044 fidelem,
1216 2989 1269 3030 nec

209 3091 259 3148 pro
280 3074 433 3132 salvatione
454 3080 527 3129 terre
555 3073 633 3128 istius
655 3072 815 3140 decertare,
839 3058 915 3143 sed,
944 3079 974 3129 ut
995 3073 1137 3140 diximus,
1171 3077 1269 3154 corsua

209 3174 298 3229 Deum
321 3173 427 3245 quaerit
448 3188 531 3242 agere
552 3176 580 3226 et
601 3176 698 3226 contra
720 3187 783 3226 nos.

289 3287 356 3360 (ll.)
384 3291 420 3344 9.
443 3287 473 3342 Si
494 3285 555 3359 quis
577 3302 642 3342 vero
663 3285 825 3341 erimannus
847 3294 894 3343 aut
914 3286 1045 3359 quislibet
1065 3286 1152 3343 homo
1173 3285 1209 3342 ad
1226 3285 1270 3357 ju·

211 3385 300 3442 dicem
330 3402 409 3442 suum
439 3385 514 3457 prius
540 3400 598 3439 non
631 3384 813 3440 ambulaverit
842 3392 870 3440 et
895 3383 1029 3456 judicium
1051 3383 1086 3441 de
1104 3383 1199 3456 judice
1219 3392 1270 3440 suo

209 3485 286 3558 prius
307 3501 364 3540 non
386 3482 548 3554 susceperit,
572 3489 599 3537 et
619 3487 683 3554 post
700 3481 836 3552 justitiam
856 3498 934 3538 suam
947 3491 1088 3554 receptam
1106 3481 1145 3539 sic
1165 3481 1272 3539 venerit

211 3585 246 3640 ad
268 3599 319 3639 nos
341 3583 531 3655 proclamare,
557 3585 700 3650 conponat
731 3578 766 3633 ad
794 3579 886 3650 ipsum
911 3581 1033 3653 judicem
1059 3597 1140 3638 suum
1166 3579 1271 3636 solidos

211 3681 422 3755 quinquaginta.
454 3678 604 3749 Propterea
625 3675 802 3748 precepimus
825 3678 971 3748 omnibus,
1004 3687 1034 3735 ut
1061 3680 1162 3735 debeat
1182 3651 1272 3733 rever-

212 3788 269 3837 tere
289 3779 481 3852 unusquisque
503 3793 614 3834 causam
626 3776 758 3832 habentes
779 3793 830 3849 per
846 3777 969 3834 civitates
990 3778 1025 3834 ad
1037 3778 1161 3850 judicem
1179 3791 1269 3844 suum,

212 3887 240 3935 et
269 3879 396 3934 nuntiare
424 3877 523 3932 debeat
555 3891 666 3931 causam
687 3890 764 3931 suam
791 3877 828 3944 ad
850 3877 926 3949 ipsos
944 3877 1052 3949 judices
1074 3891 1150 3932 suos.
1193 3873 1272 3930 Etsi

210 3976 344 4049 justitiam
366 3993 423 4031 non
440 3974 587 4046 receperit,
612 3982 677 4030 tunc
698 3974 791 4030 veniat
803 3976 839 4030 ad
857 3982 980 4031 nostram
997 3973 1273 4046 presentiamssnam

213 4075 236 4131 si
266 4074 328 4148 quis
358 4074 453 4130 venire
481 4079 562 4128 antea
589 4074 787 4144 presumpserit
815 4073 974 4146 priusquam
996 4072 1031 4127 ad
1049 4069 1172 4143 judicem
1193 4085 1273 4126 suum

213 4175 304 4241 vadat,
328 4173 374 4245 qui
398 4171 526 4228 habuerit
547 4170 631 4236 unde,
656 4177 798 4243 conponat
811 4171 916 4227 solidos
935 4169 1154 4243 quinquaginta:
1177 4167 1274 4240 etqui

215 4289 271 4328 non
293 4271 421 4326 hahuerit
441 4270 516 4325 unde
538 4284 721 4340 conponere,
752 4269 880 4340 juvemus
906 4276 936 4324 ut
956 4283 1019 4324 eum
1040 4267 1164 4324 instetur.
1205 4265 1274 4322 ldeo

214 4372 340 4426 volumus
362 4376 391 4424 ut
412 4368 493 4424 vadat
512 4366 703 4439 unusquisque
724 4366 759 4422 ad
777 4367 900 4440 judicem
921 4379 1012 4432 suum,
1037 4371 1065 4422 et
1077 4363 1214 4438 pereipiat
1231 4363 1274 4438 ju·

215 4468 318 4524 dicium
341 4467 399 4537 ejus
420 4465 538 4536 qualiter
558 4466 603 4520 lex
626 4464 717 4522 luerit.

1016 4559 1063 4617 80
