3022 5144
532 577 671 623 nnvcnnu
695 577 761 624 can.
778 571 817 614 rso
830 593 857 602 -
871 571 918 614 rsa.
1204 557 1246 618 99

189 747 252 786 eum
273 746 440 787 consensum
465 727 724 801 ipsiusmulieris,
753 733 782 784 st
807 733 952 799 provatum
977 725 1076 798 luerit,
1106 731 1248 799 conponat

190 829 238 902 qui
259 831 313 886 hoo
334 815 437 886 malum
451 826 605 901 penetravit
620 825 758 896 widrigild
780 841 861 882 suum
881 826 916 882 acl
934 824 1064 882 maritum
1081 825 1167 897 ipsius
1188 839 1249 881 mu-

189 929 285 993 lieris3
307 929 329 984 si
352 936 444 984 autem
467 943 548 984 causa
571 943 627 982 non
649 924 733 981 luerit
747 932 874 999 provata,
898 924 952 982 nisi
963 925 1156 982 tantummodo
1173 924 1249 997 quis·

189 1027 264 1100 pianr
285 1027 319 1084 de
340 1033 467 1100 suspecto
488 1025 574 1082 alium
595 1025 630 1080 de
651 1039 766 1080 oxorcm
796 1040 874 1082 suam
902 1023 1118 1097 conpellarerit,
1148 1023 1250 1080 habeat

189 1125 330 1181 licentiam
360 1124 420 1196 ipse
442 1123 490 1197 qui
511 1123 652 1195 conpellat
680 1128 727 1178 aut
747 1122 782 1177 nd
804 1137 898 1195 pugna
919 1123 1021 1178 autad
1041 1127 1249 1192 sagramentum

189 1223 279 1295 ipsum
301 1221 444 1280 hominem
464 1237 582 1294 querere
603 1218 722 1292 qualiter
749 1220 879 1276 volucrit.
922 1219 953 1276 Si
978 1236 1045 1276 vero
1069 1220 1129 1293 ipsa
1149 1219 1250 1276 mulier

191 1322 220 1376 io
252 1321 303 1376 hac
329 1319 442 1376 inlecita
475 1334 585 1375 causam
618 1317 796 1373 consentiens
826 1317 928 1384 luerit,
962 1324 1126 1390 potestatem
1151 1318 1250 1375 habeat

189 1420 304 1475 maritus
326 1418 384 1489 ejus
405 1417 434 1474 in
456 1434 517 1473 earn
539 1415 660 1472 vindicta
682 1415 765 1486 dare,
797 1415 850 1470 sibi
883 1415 912 1472 iu
939 1414 1107 1488 disciplina,
1139 1415 1192 1472 sihi
1220 1416 1250 1472 in

190 1514 378 1572 vindicionem
399 1515 447 1572 ubi
468 1514 603 1579 volucrit;
625 1519 814 1569 verumtamen
835 1529 893 1568 non
913 1513 1065 1584 occidatur,
1088 1531 1141 1571 neo
1162 1514 1187 1570 ei
1209 1531 1251 1570 se-

191 1614 274 1671 matio
296 1613 421 1686 corporis
441 1614 497 1672 liat.
539 1613 570 1668 Si
600 1611 713 1684 quidem
740 1610 869 1666 lorsitans
895 1611 958 1668 talis
984 1612 1045 1684 ipse
1071 1613 1154 1669 luerit
1179 1613 1252 1670 liber

190 1715 285 1781 horno,
308 1711 357 1785 qui
378 1728 436 1768 non
458 1712 559 1769 haheat
578 1709 653 1766 unde
674 1709 898 1781 conpositionem
919 1709 1010 1774 iaciat,
1037 1716 1103 1768 lunc
1122 1711 1251 1784 puplicus

191 1810 288 1868 deveat
314 1827 378 1866 eum
406 1812 473 1866 dare
499 1809 529 1865 in
551 1823 664 1865 manum
684 1807 776 1864 mariti
797 1807 875 1880 ejus,
904 1813 932 1864 sl
952 1807 1011 1880 ipsa
1031 1806 1063 1865 in
1084 1825 1147 1865 sum
1169 1809 1252 1866 saciat

190 1909 311 1966 vindicta
332 1911 361 1985 in
383 1906 561 1979 disciplinam
581 1913 610 1962 st
630 1904 659 1961 in
681 1905 887 1973 vindicionem,
918 1923 982 1963 nam
1003 1923 1062 1962 non
1083 1905 1112 1962 in
1135 1906 1252 1964 occisio·

192 2023 256 2064 nem
277 2013 325 2063 aul
344 2007 373 2063 in
396 2005 588 2063 semotioncm.
612 2004 640 2060 Si
663 2011 755 2061 autem
777 2004 866 2061 aldius
887 2011 934 2062 aut
954 2021 1048 2061 servus
1069 2003 1176 2062 alienus
1197 2005 1252 2062 hoc

191 2107 295 2162 malum
323 2105 352 2162 in
379 2105 467 2161 libera
488 2103 634 2159 mulierem
660 2102 751 2159 lacere
771 2102 990 2176 presumpserit,
1022 2109 1088 2160 tune
1118 2110 1252 2176 patronus

192 2204 250 2276 ejus
270 2211 412 2275 conponat
432 2203 468 2258 ad
488 2201 587 2258 marito
607 2201 694 2273 ipsius
713 2199 837 2257 molieris
857 2201 963 2258 solidos
985 2219 1037 2272 nn,
1061 2209 1089 2259 ct
1109 2202 1169 2275 ipsa
1189 2220 1253 2276 per-

192 2318 260 2358 sona
282 2301 323 2356 dit
343 2301 368 2357 ei
389 2299 419 2356 in
440 2316 535 2358 manu.
574 2299 604 2354 Si
627 2315 691 2355 vero
712 2314 806 2355 servus
827 2305 874 2354 aul
894 2299 984 2356 aldius
1005 2300 1113 2357 alienus
1134 2317 1185 2374 per
1204 2317 1253 2358 vo·
1299 2300 1301 2304 ’

192 2401 326 2454 lonlatem
347 2397 455 2454 domini
477 2396 519 2452 sui
541 2397 595 2452 hoc
615 2397 719 2453 malum
735 2395 832 2452 lecerit
852 2398 928 2469 quud
942 2415 1024 2471 supra
1041 2398 1176 2471 scriptum
1198 2406 1249 2469 cst,

192 2503 220 2552 ot
241 2502 384 2570 provatum
406 2495 490 2551 luerit
510 2495 585 2566 quod
606 2494 667 2566 ipse
692 2493 824 2550 dominus
847 2496 1006 2566 consensit,
1034 2505 1193 2570 conponat,
1217 2497 1253 2553 si-

193 2601 239 2652 cut
258 2611 359 2667 supra,
388 2591 528 2663 widrigild
548 2608 644 2656 suum,
675 2591 715 2648 sic
735 2598 828 2648 mmsn
849 2581 880 2649 u'l
900 2593 959 2666 ipse
980 2611 1074 2652 servos
1095 2602 1143 2652 aut
1163 2596 1252 2652 aldius

193 2695 222 2750 in
243 2693 302 2765 ipsa
324 2691 547 2764 conpositionem
567 2690 698 2746 tradatur.
742 2691 778 2746 Et
804 2689 826 2746 si
848 2699 962 2764 provata
983 2709 1065 2749 causa
1092 2710 1149 2750 non
1171 2694 1253 2750 luerit
1319 2673 1323 2680 ι

193 2791 227 2848 da
247 2789 355 2849 domim
378 2789 436 2862 ejus
457 2788 643 2858 voluntalem,
666 2794 732 2843 tunc
752 2788 813 2859 ipse
835 2789 966 2845 dominus
987 2789 1059 2847 servi
1080 2799 1126 2848 aut
1147 2793 1252 2850 aldioni

193 2889 328 2963 purefioet
346 2904 376 2944 se
397 2903 448 2961 psr
467 2891 672 2956 sagramentum
692 2901 755 2942 mm
776 2885 915 2957 tegetimis
935 2889 1200 2958 sagramentalibus,
1223 2896 1254 2946 ul

192 2987 222 3044 in
243 2987 335 3060 ipsam
355 2985 458 3041 malurn
483 2983 662 3040 consentiens
689 2999 747 3039 non
775 2983 883 3054 luissit,
916 2992 943 3042 et
970 2987 1004 3042 sit
1032 2989 1194 3065 absolutus3
1224 2994 1254 3042 et

192 3091 300 3142 tantum
328 3084 376 3139 liat
401 3082 471 3140 sicin
497 3097 580 3154 snpra
605 3081 781 3153 premisimus
809 3083 850 3138 vel
878 3085 1023 3142 statuimus
1052 3085 1089 3142 de
1110 3101 1189 3142 servo
1209 3087 1253 3141 vel

193 3183 230 3240 ds
251 3182 407 3240 aldionem.

274 3277 348 3354 (Vl.)
382 3279 464 3335 m.
503 3275 533 3332 Si
554 3276 616 3349 quis
637 3277 722 3334 miser
742 3284 770 3334 et
790 3277 926 3350 insipiens
947 3279 1032 3334 homo
1053 3279 1254 3353 presumpserit

194 3394 327 3452 sponsare
359 3376 506 3433 mulierem
526 3375 678 3432 habentem
705 3393 787 3446 vcro,
822 3376 878 3436 stoi
899 3375 959 3449 ipse
988 3376 1031 3432 vir
1056 3379 1115 3450 ejus
1143 3385 1255 3451 egrotus

194 3477 230 3532 sit
249 3475 302 3532 sibi
322 3491 420 3545 sanus,
451 3474 628 3532 sicutmodo
650 3482 677 3531 et
705 3474 786 3531 nohis
817 3476 900 3531 talem
925 3491 1036 3532 cansam
1063 3453 1254 3535 adnuntiatam

195 3580 247 3644 est,
270 3579 298 3628 et
316 3578 462 3646 provatum
487 3573 587 3642 luerit,
610 3580 752 3646 conponat
772 3573 831 3646 ipss
853 3573 901 3647 qui
923 3574 977 3631 lroc
997 3574 1095 3631 lecerit
1117 3575 1255 3646 widrigild

194 3687 275 3728 saum
305 3671 340 3727 ad
361 3671 490 3727 maritum
520 3671 596 3743 ejus,·
625 3677 655 3727 et
681 3671 741 3744 ipsa
761 3669 897 3744 :suscipiat
924 3671 953 3728 in
985 3688 1014 3728 se
1045 3674 1128 3730 talem
1153 3673 1256 3730 conde-

193 3769 378 3838 mnationem,
400 3769 511 3842 qualern
533 3768 660 3841 superius
680 3768 801 3828 diximus
822 3769 857 3826 de
877 3770 954 3827 illam
974 3771 1134 3841 mulierem,
1158 3770 1256 3844 quise

194 3866 312 3942 turpiter
331 3867 485 3924 adtractare
507 3867 649 3940 permittit.
736 3857 740 3866 ’

275 3962 362 4040 (vlt)
380 3969 464 4024 128.
486 3965 516 4021 Si
531 3967 593 4038 quis
606 3967 727 4022 lororsm
738 3972 852 4039 accepto
864 3966 1013 4022 battcdsrit
1029 3965 1172 4023 hominem
1187 3966 1257 4024 libo·

194 4079 257 4122 rum
271 4069 319 4121 ant
333 4063 480 4121 mdiorum
497 4064 612 4121 liberam
626 4070 673 4122 ant
688 4065 820 4138 puellam,
845 4063 892 4136 qui
913 4064 943 4120 in
959 4064 1120 4120 scandalum
1134 4064 1182 4121 ubi
1199 4064 1256 4121 veri

195 4161 305 4232 litigant
321 4161 465 4228 venirent,
491 4168 519 4218 et
539 4179 589 4235 psr
608 4162 682 4235 ipsas
707 4161 799 4219 levitas
826 4161 1000 4234 ponderosus
1021 4162 1062 4218 vel
1085 4163 1257 4235 ponderosas

195 4257 286 4316 allecti
298 4259 418 4328 tuerat,
426 4258 497 4318 sicut
507 4266 534 4315 st
544 4261 629 4316 modo
639 4259 741 4317 lanum
754 4259 918 4329 audivimus,
927 4266 1072 4331 conponat
1080 4261 1257 4317 medietatem

194 4357 278 4429 pretii
291 4357 379 4429 ipsius
388 4357 503 4414 masculi
520 4365 661 4431 tamquam
672 4357 694 4415 si
706 4375 770 4414 eum
782 4356 938 4421 occidisslts
961 4357 995 4412 de
1004 4356 1258 4416 reminas-senilem

196 4455 282 4512 mado
292 4454 471 4514 nsdlatntem
479 4456 561 4529 pretii
571 4463 712 4529 mmqnam
723 4457 746 4513 si
760 4456 872 4513 tratrem
888 4455 947 4528 ejus
962 4455 1119 4512 occidissit:
1141 4460 1258 4531 excepto

195 4553 329 4626 opugn
347 4559 397 4612 sut
417 4552 510 4612 lerilss
526 4553 632 4624 lacent,
655 4560 797 4627 conponat
817 4551 1135 4686 sicutanteriorgldicto
1149 4554 1259 4627 legitur.

998 4650 1018 4708 7
