3022 5144
288 485 329 548 lb

287 683 323 727 ac
346 661 494 726 vilissimo
516 659 657 722 liminm
681 655 760 722 usu“
784 661 864 722 adde
887 679 956 742 cop.
983 663 1012 727 7.
1028 662 1079 728 39.
1098 662 1149 726 lib
1169 662 1289 736 xxxa

287 795 410 838 necnon
433 782 464 837 et
486 771 720 854 inscriptionem
743 774 787 834 N⁰·
816 774 882 836 22⁰
904 794 953 855 ap.
977 775 1114 840 Fabretti
1143 821 1164 862 „
1168 819 1289 842 .......

287 888 437 952 tumulum
461 885 538 950 inira
568 885 808 959 monimentum,
841 906 934 968 snper
962 887 1153 969 sarcophaga
1185 907 1290 950 earum
1352 962 1366 982 Ι

286 1021 387 1064 massa
410 997 586 1062 aedificavlt
609 1018 708 1084 usque
731 999 770 1060 ad
794 993 983 1062 cumulnm“.
1027 1000 1072 1062 Ad
1097 1000 1291 1081 probandum

287 1121 389 1176 autem
413 1112 515 1193 legam
537 1110 628 1172 istam
651 1111 690 1172 ad
713 1109 913 1174 fundamenta
926 1119 1084 1192 spectarat
1105 1132 1201 1176 unum
1224 1120 1291 1176 tan·

288 1233 350 1287 tum
375 1223 630 1296 animadvertam,
656 1241 770 1304 nempe
792 1243 889 1304 quum
918 1224 1003 1306 leges
1031 1224 1118 1306 ipsae
1147 1225 1291 1291 omnibus

288 1338 409 1399 aedium
442 1335 582 1416 partibus
619 1335 850 1409 consuluerint,
892 1335 964 1398 huic
996 1337 1049 1400 uni
1082 1315 1292 1418 usqueadeo

287 1467 389 1530 neque
412 1457 520 1529 postea
544 1448 763 1530 respexissent.
809 1451 930 1531 Aequm
951 1457 992 1537 ¹ot
1021 1449 1154 1530 pretium
1185 1450 1288 1528 laudo,

287 1570 448 1642 perspecta
472 1560 617 1624 facilitate
640 1561 853 1624 huiuscemodi
876 1569 1056 1626 sunnone.

629 1833 668 1901 V.
703 1831 750 1899 Dc
778 1834 946 1900 comr'uoto.

244 2092 248 2101 s
375 2023 477 2088 CLXI.
525 2023 559 2083 St
594 2023 745 2099 mcptstros
779 2025 951 2084 caminatam
980 2025 1096 2100 feurit,
1129 2023 1210 2084 tollat
1235 2043 1290 2102 per
1379 2021 1382 2032 ’

285 2155 343 2196 ⁴tarto
382 2137 505 2195 tremisse
540 2153 605 2198 orco.
640 2169 682 2180 -
719 2115 868 2198 cantara
907 2133 989 2198 uem
1019 2135 1101 2216 quod
1133 2135 1291 2211 caminus}

286 2249 325 2310 de
354 2255 485 2327 utraque
524 2266 558 2307 re
587 2246 710 2308 abunde
742 2245 871 2308 disserui
899 2247 932 2306 in
965 2248 1215 2313 adnotationibus
1249 2249 1290 2310 ad

285 2362 333 2421 Fr.
360 2359 483 2439 Georgii
507 2358 628 2420 llartini
653 2358 895 2421 Architecturam
920 2359 972 2420 lib.
997 2361 1035 2426 tl.
1060 2363 1092 2435 3,
1118 2361 1175 2424 ubi
1194 2363 1289 2424 cami-

285 2480 427 2535 natarum
450 2471 607 2534 historiam
631 2472 725 2536 habui
740 2472 783 2534 nb
807 2472 875 2554 ipso
900 2473 943 2533 lX
967 2474 1091 2536 sacerdo
1106 2471 1286 2556 incipiente,

108 2595 111 2604 '
180 2640 182 2652 A
287 2585 377 2646 nixus
407 2587 587 2648 anctoritate
613 2585 765 2647 Anastasii
790 2584 1015 2648 bibliothecarii
1038 2605 1160 2650 necnon
1185 2596 1216 2649 et
1238 2607 1290 2650 co·

287 2698 363 2759 dicis
386 2698 574 2779 diplomatici
599 2699 628 2763 S.
640 2697 813 2770 Ambrosii3
839 2695 1069 2780 antiquissimus
1087 2718 1160 2783 engo
1183 2716 1290 2765 earnm

286 2831 359 2872 usus
393 2809 559 2871 novissimo
588 2818 771 2890 argumento
803 2811 950 2891 probatur
980 2812 1171 2893 caeterisque
1200 2832 1290 2892 prae-

287 2922 416 2986 stantius
448 2941 485 2983 co
518 2922 601 3003 qnod
625 2921 797 3002 antiquius,
837 2923 939 2986 nullus
971 2924 1054 2989 onim
1076 2925 1149 2986 Vlll
1176 2925 1290 2988 saeculi

286 3035 434 3116 scriptor,
468 3034 586 3096 nullum
610 3035 829 3097 documentum
853 3036 893 3097 dc
916 3035 1077 3097 caminatis
1101 3037 1290 3098 mentionem

286 3147 413 3212 habent.
461 3146 503 3210 Ol.
529 3145 621 3208 etiam
644 3146 858 3208 adnotationes
881 3148 920 3208 ad
942 3149 962 3226 ξ
986 3147 1103 3210 CLVll.

373 3260 414 3321 lit
436 3262 462 3320 si
483 3261 615 3320 abietarii
638 3261 773 3320 coccollcs
795 3261 908 3338 seond,
937 3262 1110 3339 percalidus
1128 3263 1289 3322 mmccdrd

284 3376 367 3452 pedes
390 3374 543 3435 duodecim.
576 3372 674 3434 Alteri
698 3367 821 3437 codices
843 3365 981 3434 habitatu
1002 3372 1132 3446 habent,
1159 3372 1211 3435 nbi
1226 3372 1289 3434 lob·

251 3507 260 3514 -
287 3493 370 3546 tasse
393 3484 559 3565 legendnm
578 3487 724 3551 chaddoni:
752 3484 937 3567 preferenda
960 3493 1063 3548 tamen
1086 3486 1203 3567 optima
1225 3505 1290 3548 am-

287 3599 397 3660 borum
420 3597 507 3659 codd.
532 3596 876 3682 Guelpherbytanorum
906 3598 997 3662 lectio
1021 3601 1161 3664 abietarii.
1208 3597 1289 3673 Quid

287 3712 424 3770 ranccttoc
446 3709 518 3782 sint,
544 3710 688 3772 omnibus
712 3718 830 3779 notum,
857 3711 974 3795 quippe
989 3731 1071 3794 qnae
1085 3730 1180 3774 unum
1193 3711 1290 3784 idem-

44 3855 49 3866 ·
159 3859 166 3868 -
286 3842 347 3903 que
360 3835 446 3907 *cum
479 3822 686 3884 Romanorum
718 3823 877 3893 cancellis,
912 3844 1043 3906 quorum
1066 3824 1184 3887 mentio
1205 3824 1287 3906 apud

287 3940 407 3996 veteres
431 3941 572 3996 auctores
600 3934 866 4016 frequentissima,
902 3953 1045 4020 quaeque
1077 3938 1103 4000 si
1136 3936 1291 3999 metallica
1322 3973 1327 3984 κ

288 4045 475 4108 clathrorum
498 4065 613 4108 nomon
637 4048 810 4116 sumebant,
836 4047 861 4110 si
885 4069 1056 4112 marmorea
1080 4049 1177 4131 plutei
1201 4069 1290 4131 prae-

245 4191 249 4202 ,
287 4157 392 4220 sertim
416 4157 586 4240 appellata,
620 4160 744 4225 sivero
767 4159 869 4243 tipum
893 4171 1014 4226 veteres
1036 4163 1213 4227 maluerunt
1235 4181 1290 4243 ap·

286 4267 404 4348 pellere
428 4271 565 4335 cancella
601 4271 713 4356 (Varro
736 4275 781 4334 n:
799 4275 881 4342 linet.
907 4278 958 4342 lll.
985 4273 1036 4359 bl:
1070 4295 1109 4338 en
1144 4296 1218 4357 ergo
1234 4251 1289 4336 'ar-
