3022 5144
290 651 391 732 ipsun
415 649 654 732 contignationis
683 669 773 732 opus,
807 649 890 712 unde
920 647 1006 712 italis
1028 649 1135 712 saloim
1168 649 1208 710 de
1236 666 1299 730 qua

291 772 446 846 postrema
487 761 714 846 significatione
746 761 823 825 nihii
860 761 965 826 adhuc
992 761 1178 826 'referebant
1212 761 1300 843 leges

289 883 423 942 nostrae.
470 876 598 938 Glossae
631 874 788 938 Cavenses
819 874 868 960 (a.
894 876 1036 958 Append.
1060 873 1152 958 vlit)
1181 873 1299 938 habeut

285 992 400 1070 pteema
422 991 453 1050 id
475 999 514 1049 est
533 991 605 1069 pato
633 991 666 1050 de
689 990 771 1066 lupo,
806 1008 887 1072 quae
919 988 1013 1052 verba
1045 987 1133 1070 o'peri
1164 987 1299 1068 tignario

289 1103 454 1184 perspicua
478 1101 681 1182 respondent,
704 1101 840 1184 ideoque
863 1101 1143 1184 contignationibus
1166 1100 1252 1181 ipsis.

379 1239 418 1300 Er
441 1239 466 1298 ai
489 1240 600 1299 carolos
622 1239 717 1317 feeerit
741 1256 804 1299 cum
826 1240 920 1317 pisso,
953 1241 999 1300 det
1025 1259 1079 1320 per
1101 1243 1226 1302 tremisse
1248 1259 1295 1301 eo-

289 1353 367 1412 rotos
389 1360 545 1430 quattuor:
570 1370 701 1412 annones
723 1353 749 1412 ci
770 1371 828 1412 oon
849 1361 1004 1432 repotetar.
1041 1351 1150 1416 Carula
1175 1361 1206 1416 et
1229 1352 1297 1432 ipsa

290 1475 447 1544 septorum
471 1461 537 1523 sive
561 1463 769 1525 cancellorum
799 1463 895 1527 altera
920 1465 1041 1545 species
1065 1471 1128 1537 est,
1166 1465 1205 1526 de
1237 1483 1298 1546 qua

290 1575 361 1637 vide
384 1575 576 1657 Duoaogium
601 1584 631 1637 et
655 1575 845 1658 Corpentier.
894 1577 938 1640 Ad
970 1584 1104 1640 mentem
1136 1577 1213 1661 legis
1242 1573 1299 1638 iic·

291 1686 366 1750 bant
394 1708 468 1771 ergo
500 1689 621 1751 caroiae
652 1689 804 1751 distinctis
832 1689 935 1752 frustis
968 1687 983 1773 (
986 1693 1032 1751 det
1060 1710 1114 1770 per
1146 1693 1299 1752 nonnionem

291 1804 401 1862 carolos
424 1801 579 1885 quotuor),
604 1822 684 1882 quae
700 1809 808 1883 postea
824 1801 942 1864 exactis
958 1802 1099 1884 partibus
1124 1823 1184 1864 uuo
1204 1822 1298 1884 opere

290 1915 508 1998 iungebantur,
534 1915 576 1975 uti
601 1922 632 1975 et
655 1933 746 1975 nunc.
794 1913 864 1975 Vidi
888 1933 947 1996 ago
969 1914 1000 1975 in
1026 1914 1152 1977 basilica
1171 1915 1201 1980 S.
1217 1915 1298 1978 Petri

291 2027 387 2090 Albae
416 2027 565 2089 Fucensis
593 2027 624 2086 io
659 2026 775 2107 Aequis
807 2025 926 2088 canolas
955 2027 994 2088 ab
1027 2027 1169 2090 Oderisio
1199 2029 1299 2092 Abate

291 2147 464 2202 exstructas
494 2140 533 2201 ad
565 2159 649 2200 aram
681 2139 847 2200 inanimam
883 2141 969 2217 (ano.
1003 2139 1227 2205 1087-1115.
1260 2141 1299 2202 de

292 2251 364 2314 viris
388 2252 430 2317 itt.
462 2235 713 2334 Cassioensihos)
738 2250 877 2333 pluribus
904 2253 1075 2335 aequisque
1099 2253 1202 2314 frustis
1226 2271 1299 2314 oon-

291 2365 403 2426 staotia
428 2385 466 2425 ex
491 2384 567 2426 saxo
592 2365 711 2426 calcare
736 2385 833 2448 gypso
848 2365 921 2426 olim
941 2364 1077 2427 inducta.
1105 2365 1299 2427 Credendum

291 2484 338 2538 est
368 2475 501 2540 artifices
529 2486 651 2539 nostros
684 2477 776 2539 etiam
806 2477 925 2540 carolos
959 2477 1088 2540 finxisse
1112 2498 1151 2539 ex
1175 2477 1296 2559 argilla,

291 2567 408 2670 easqo'e
433 2609 530 2671 gypso
555 2589 727 2662 induxisse,
754 2610 831 2671 opos
856 2591 940 2652 enim
954 2599 1124 2653 testaceum
1142 2609 1299 2672 nunquam

291 2701 321 2761 in
346 2701 497 2781 superiori
524 2701 609 2764 {totta
634 2701 737 2790 defuit.

594 2941 650 3009 Vl.
683 2942 732 3008 De
758 2943 999 3011 Mormorocios.

380 3121 512 3187 CLXIV.
559 3121 593 3184 Si
621 3124 684 3201 quis
712 3141 783 3182 oses
812 3141 986 3184 oeormorecs
1013 3126 1129 3204 feeerit,
1170 3127 1215 3186 det
1244 3144 1299 3204 pcc

291 3237 396 3296 solidos
417 3256 476 3296 eno
494 3237 580 3315 pedes
603 3237 697 3311 XXV.
744 3213 843 3314 Axos,
879 3235 945 3298 sive
969 3255 1121 3318 asseres,.
1136 3239 1299 3302 marmorei

293 3344 404 3427 (incole,
431 3350 552 3410 lostroni
574 3350 604 3410 di
626 3348 746 3434 mamm)
780 3350 971 3430 respondent
1002 3358 1140 3412 vetcmm
1171 3351 1297 3412 crustis:

291 3457 427 3538 pretium
458 3460 547 3524 unius
582 3461 672 3524 solidi
706 3461 858 3525 habeatur
889 3483 947 3544 pro
977 3463 1111 3544 podibus
1142 3463 1301 3546 quadratis

293 3589 368 3637 xxv.
394 3569 467 3634 huia
491 3573 573 3635 enim
597 3574 684 3655 operi
705 3595 761 3655 pro
792 3573 888 3638 nihilo
918 3585 966 3638 est
988 3575 1160 3640 crassitudo
1184 3576 1301 3658 quotis·

294 3703 427 3766 cumque
450 3683 503 3757 sit,
529 3685 704 3766 superficiei
721 3688 803 3750 enim
818 3689 1034 3770 explanandae
1048 3696 1079 3752 et
1093 3689 1301 3770 expoliendae

292 3798 409 3858 tautum
434 3795 553 3860 confert
576 3797 698 3860 artifex.
742 3799 853 3862 Habita
878 3801 1070 3882 reliquorum
1096 3821 1227 3884 operum
1253 3809 1302 3862 ra-

291 3907 377 3970 tione
400 3909 493 3977 reieci
518 3910 684 3972 lectionem
710 3912 767 3972 XV
782 3915 907 3992 pedum,
940 3914 1112 3996 decemque
1145 3912 1223 3976 alios
1246 3933 1301 3995 pe·

292 4021 347 4084 des
370 4022 468 4084 adieci
492 4024 531 4086 ad
556 4023 742 4106 optimorum
767 4025 909 4090 codicum
933 4025 1035 4089 fidem.

379 4134 419 4206 Et
442 4137 467 4194 si
490 4138 641 4198 colunnas,
655 4139 752 4216 fecerit
775 4139 809 4199 de
828 4141 912 4218 pedes
935 4150 1088 4219 quaternos
1111 4150 1162 4202 eat
1185 4143 1297 4220 quinos,

292 4247 337 4306 det
353 4266 406 4325 per
430 4234 558 4310 tremisse
581 4252 725 4312 columnas
748 4261 822 4311 tres:
858 4272 987 4313 annonas
1015 4255 1040 4312 ei
1066 4273 1123 4313 ooo
1138 4261 1298 4333 reputatur.
