<?xml version="1.0" encoding="UTF-8"?>
<!DOCTYPE html PUBLIC "-//W3C//DTD XHTML 1.0 Transitional//EN"
    "http://www.w3.org/TR/xhtml1/DTD/xhtml1-transitional.dtd">
<html xmlns="http://www.w3.org/1999/xhtml" xml:lang="en" lang="en">
 <head>
  <title>
</title>
<meta http-equiv="Content-Type" content="text/html;charset=utf-8" />
  <meta name='ocr-system' content='tesseract 3.04.00' />
  <meta name='ocr-capabilities' content='ocr_page ocr_carea ocr_par ocr_line ocrx_word'/>
</head>
<body>
  <div class='ocr_page' id='page_1' title='image "./edictaregumlang00neiggoog_0048.png"; bbox 0 0 3048 5130; ppageno 0'>
   <div class='ocr_carea' id='block_1_1' title="bbox 553 477 1270 540">
    <p class='ocr_par' dir='ltr' id='par_1_1' title="bbox 553 477 1270 540">
     <span class='ocr_line' id='line_1_1' title="bbox 553 477 1270 540; baseline 0.006 -4"><span class='ocrx_word' id='word_1_1' title='bbox 553 489 691 538; x_wconf 77' lang='lat' dir='ltr'><strong>sorem</strong></span> <span class='ocrx_word' id='word_1_2' title='bbox 711 487 934 540; x_wconf 66' lang='lat' dir='ltr'><strong>ernost-sss.</strong></span> <span class='ocrx_word' id='word_1_3' title='bbox 1227 477 1270 540; x_wconf 68' lang='lat'><strong>2³1</strong></span> 
     </span>
    </p>
   </div>
   <div class='ocr_carea' id='block_1_2' title="bbox 212 640 1272 815">
    <p class='ocr_par' dir='ltr' id='par_1_2' title="bbox 212 640 1272 815">
     <span class='ocr_line' id='line_1_2' title="bbox 212 640 1272 715; baseline 0.002 -15"><span class='ocrx_word' id='word_1_4' title='bbox 212 642 244 700; x_wconf 85' lang='lat' dir='ltr'><strong>id</strong></span> <span class='ocrx_word' id='word_1_5' title='bbox 265 640 450 710; x_wconf 71' lang='lat' dir='ltr'><strong>suillium,</strong></span> <span class='ocrx_word' id='word_1_6' title='bbox 473 655 566 714; x_wconf 81' lang='lat' dir='ltr'><strong>neque</strong></span> <span class='ocrx_word' id='word_1_7' title='bbox 580 646 710 712; x_wconf 82' lang='lat' dir='ltr'><strong>cognata,</strong></span> <span class='ocrx_word' id='word_1_8' title='bbox 735 640 784 715; x_wconf 83' lang='lat' dir='ltr'><strong>qui</strong></span> <span class='ocrx_word' id='word_1_9' title='bbox 803 641 856 700; x_wconf 87' lang='lat' dir='ltr'><strong>luit</strong></span> <span class='ocrx_word' id='word_1_10' title='bbox 874 656 944 700; x_wconf 85' lang='lat' dir='ltr'><strong>oxor</strong></span> <span class='ocrx_word' id='word_1_11' title='bbox 961 643 1063 710; x_wconf 75' lang='lat' dir='ltr'><strong>fratris,</strong></span> <span class='ocrx_word' id='word_1_12' title='bbox 1086 659 1201 702; x_wconf 81' lang='lat' dir='ltr'><strong>osorem</strong></span> <span class='ocrx_word' id='word_1_13' title='bbox 1222 645 1272 702; x_wconf 92' lang='lat' dir='ltr'><strong>du·</strong></span> 
     </span>
     <span class='ocr_line' id='line_1_3' title="bbox 213 737 1271 815; baseline 0.002 -17"><span class='ocrx_word' id='word_1_14' title='bbox 213 755 293 804; x_wconf 73' lang='lat' dir='ltr'><strong>cerea</strong></span> <span class='ocrx_word' id='word_1_15' title='bbox 321 740 392 795; x_wconf 89' lang='lat' dir='ltr'><strong>etsi</strong></span> <span class='ocrx_word' id='word_1_16' title='bbox 412 739 502 812; x_wconf 88' lang='lat' dir='ltr'><strong>ipsam</strong></span> <span class='ocrx_word' id='word_1_17' title='bbox 523 737 713 808; x_wconf 89' lang='lat' dir='ltr'><strong>consenserit,</strong></span> <span class='ocrx_word' id='word_1_18' title='bbox 746 737 788 794; x_wconf 83' lang='lat' dir='ltr'><strong>vir</strong></span> <span class='ocrx_word' id='word_1_19' title='bbox 808 738 856 812; x_wconf 88' lang='lat' dir='ltr'><strong>qui</strong></span> <span class='ocrx_word' id='word_1_20' title='bbox 876 757 940 800; x_wconf 85' lang='lat' dir='ltr'><strong>earn</strong></span> <span class='ocrx_word' id='word_1_21' title='bbox 962 742 1039 800; x_wconf 90' lang='lat' dir='ltr'><strong>ducit</strong></span> <span class='ocrx_word' id='word_1_22' title='bbox 1058 750 1200 815; x_wconf 86' lang='lat' dir='ltr'><strong>conponat</strong></span> <span class='ocrx_word' id='word_1_23' title='bbox 1219 759 1271 814; x_wconf 91' lang='lat' dir='ltr'><strong>pro</strong></span> 
     </span>
    </p>
   </div>
   <div class='ocr_carea' id='block_1_3' title="bbox 171 836 1273 2376">
    <p class='ocr_par' dir='ltr' id='par_1_3' title="bbox 171 836 1273 1301">
     <span class='ocr_line' id='line_1_4' title="bbox 213 836 1272 913; baseline 0.004 -19"><span class='ocrx_word' id='word_1_24' title='bbox 213 838 325 909; x_wconf 82' lang='lat' dir='ltr'><strong>esrlparn</strong></span> <span class='ocrx_word' id='word_1_25' title='bbox 345 836 375 892; x_wconf 93' lang='lat' dir='ltr'><strong>in</strong></span> <span class='ocrx_word' id='word_1_26' title='bbox 396 843 474 894; x_wconf 89' lang='lat' dir='ltr'><strong>curto</strong></span> <span class='ocrx_word' id='word_1_27' title='bbox 494 836 567 908; x_wconf 88' lang='lat' dir='ltr'><strong>regis</strong></span> <span class='ocrx_word' id='word_1_28' title='bbox 587 838 693 895; x_wconf 88' lang='lat' dir='ltr'><strong>solidos</strong></span> <span class='ocrx_word' id='word_1_29' title='bbox 713 842 846 904; x_wconf 86' lang='lat' dir='ltr'><strong>eentum.</strong></span> <span class='ocrx_word' id='word_1_30' title='bbox 874 845 903 896; x_wconf 93' lang='lat' dir='ltr'><strong>et</strong></span> <span class='ocrx_word' id='word_1_31' title='bbox 922 856 987 896; x_wconf 85' lang='lat' dir='ltr'><strong>mox</strong></span> <span class='ocrx_word' id='word_1_32' title='bbox 1013 848 1157 913; x_wconf 74' lang='lat' dir='ltr'>separetur</span> <span class='ocrx_word' id='word_1_33' title='bbox 1182 841 1217 898; x_wconf 87' lang='lat' dir='ltr'><strong>ab</strong></span> <span class='ocrx_word' id='word_1_34' title='bbox 1238 858 1272 898; x_wconf 86' lang='lat' dir='ltr'><strong>ea</strong></span> 
     </span>
     <span class='ocr_line' id='line_1_5' title="bbox 171 934 1272 1008; baseline 0.002 -14"><span class='ocrx_word' id='word_1_35' title='bbox 171 985 179 994; x_wconf 94' lang='lat'>.</span> <span class='ocrx_word' id='word_1_36' title='bbox 213 934 377 992; x_wconf 83' lang='lat' dir='ltr'><strong>constrictus</strong></span> <span class='ocrx_word' id='word_1_37' title='bbox 397 951 414 992; x_wconf 88' lang='lat' dir='ltr'><strong>a</strong></span> <span class='ocrx_word' id='word_1_38' title='bbox 433 951 517 1006; x_wconf 88' lang='lat' dir='ltr'><strong>rege,</strong></span> <span class='ocrx_word' id='word_1_39' title='bbox 550 935 656 1008; x_wconf 87' lang='lat' dir='ltr'><strong>etipsa</strong></span> <span class='ocrx_word' id='word_1_40' title='bbox 678 935 779 992; x_wconf 90' lang='lat' dir='ltr'><strong>mulier</strong></span> <span class='ocrx_word' id='word_1_41' title='bbox 798 936 900 994; x_wconf 79' lang='lat' dir='ltr'><strong>hebeat</strong></span> <span class='ocrx_word' id='word_1_42' title='bbox 919 937 1096 996; x_wconf 82' lang='lat' dir='ltr'><strong>medietatem</strong></span> <span class='ocrx_word' id='word_1_43' title='bbox 1117 939 1152 996; x_wconf 90' lang='lat' dir='ltr'><strong>de</strong></span> <span class='ocrx_word' id='word_1_44' title='bbox 1174 954 1272 996; x_wconf 89' lang='lat' dir='ltr'><strong>omnes</strong></span> 
     </span>
     <span class='ocr_line' id='line_1_6' title="bbox 213 1031 1272 1108; baseline 0.004 -20"><span class='ocrx_word' id='word_1_45' title='bbox 213 1049 258 1096; x_wconf 81' lang='lat' dir='ltr'><strong>res</strong></span> <span class='ocrx_word' id='word_1_46' title='bbox 278 1048 351 1102; x_wconf 84' lang='lat' dir='ltr'><strong>suas,</strong></span> <span class='ocrx_word' id='word_1_47' title='bbox 374 1039 402 1090; x_wconf 94' lang='lat' dir='ltr'><strong>et</strong></span> <span class='ocrx_word' id='word_1_48' title='bbox 417 1031 595 1090; x_wconf 86' lang='lat' dir='ltr'><strong>medietatem</strong></span> <span class='ocrx_word' id='word_1_49' title='bbox 604 1033 721 1101; x_wconf 84' lang='lat' dir='ltr'><strong>amittat,</strong></span> <span class='ocrx_word' id='word_1_50' title='bbox 737 1042 765 1091; x_wconf 88' lang='lat' dir='ltr'><strong>et</strong></span> <span class='ocrx_word' id='word_1_51' title='bbox 777 1035 861 1092; x_wconf 86' lang='lat' dir='ltr'><strong>curtis</strong></span> <span class='ocrx_word' id='word_1_52' title='bbox 877 1035 952 1107; x_wconf 90' lang='lat' dir='ltr'><strong>regia</strong></span> <span class='ocrx_word' id='word_1_53' title='bbox 970 1035 1111 1108; x_wconf 86' lang='lat' dir='ltr'><strong>suscipiat.</strong></span> <span class='ocrx_word' id='word_1_54' title='bbox 1133 1037 1176 1092; x_wconf 82' lang='lat' dir='ltr'><strong>llo</strong></span> <span class='ocrx_word' id='word_1_55' title='bbox 1194 1035 1272 1108; x_wconf 83' lang='lat' dir='ltr'><strong>quod</strong></span> 
     </span>
     <span class='ocr_line' id='line_1_7' title="bbox 213 1129 1273 1206; baseline 0.003 -20"><span class='ocrx_word' id='word_1_56' title='bbox 213 1129 340 1187; x_wconf 83' lang='lat' dir='ltr'><strong>intectus</strong></span> <span class='ocrx_word' id='word_1_57' title='bbox 359 1137 562 1188; x_wconf 87' lang='lat' dir='ltr'><strong>consenserunt</strong></span> <span class='ocrx_word' id='word_1_58' title='bbox 581 1131 722 1188; x_wconf 72' lang='lat' dir='ltr'><strong>celebrum</strong></span> <span class='ocrx_word' id='word_1_59' title='bbox 743 1134 853 1204; x_wconf 75' lang='lat' dir='ltr'>nuptias</span> <span class='ocrx_word' id='word_1_60' title='bbox 875 1134 943 1190; x_wconf 91' lang='lat' dir='ltr'><strong>haec</strong></span> <span class='ocrx_word' id='word_1_61' title='bbox 963 1149 1036 1206; x_wconf 92' lang='lat' dir='ltr'><strong>pena</strong></span> <span class='ocrx_word' id='word_1_62' title='bbox 1056 1140 1215 1202; x_wconf 76' lang='lat' dir='ltr'><strong>susteneat,</strong></span> <span class='ocrx_word' id='word_1_63' title='bbox 1244 1140 1273 1189; x_wconf 90' lang='lat' dir='ltr'><strong>et</strong></span> 
     </span>
     <span class='ocr_line' id='line_1_8' title="bbox 212 1226 715 1301; baseline 0 -17"><span class='ocrx_word' id='word_1_64' title='bbox 212 1243 289 1293; x_wconf 83' lang='lat' dir='ltr'><strong>mox,</strong></span> <span class='ocrx_word' id='word_1_65' title='bbox 313 1233 343 1284; x_wconf 89' lang='lat' dir='ltr'><strong>ut</strong></span> <span class='ocrx_word' id='word_1_66' title='bbox 362 1226 467 1285; x_wconf 90' lang='lat' dir='ltr'><strong>dictum</strong></span> <span class='ocrx_word' id='word_1_67' title='bbox 488 1234 538 1296; x_wconf 90' lang='lat' dir='ltr'><strong>est,</strong></span> <span class='ocrx_word' id='word_1_68' title='bbox 562 1235 715 1301; x_wconf 76' lang='lat' dir='ltr'><strong>separetur.</strong></span> 
     </span>
    </p>

    <p class='ocr_par' dir='ltr' id='par_1_4' title="bbox 212 1325 1273 2084">
     <span class='ocr_line' id='line_1_9' title="bbox 292 1325 1271 1397; baseline 0.002 -15"><span class='ocrx_word' id='word_1_69' title='bbox 292 1325 378 1384; x_wconf 76' lang='grc'><strong>186.</strong></span> <span class='ocrx_word' id='word_1_70' title='bbox 420 1325 450 1382; x_wconf 88' lang='lat' dir='ltr'><strong>Si</strong></span> <span class='ocrx_word' id='word_1_71' title='bbox 470 1325 513 1383; x_wconf 83' lang='lat' dir='ltr'><strong>vir</strong></span> <span class='ocrx_word' id='word_1_72' title='bbox 526 1326 637 1384; x_wconf 90' lang='lat' dir='ltr'><strong>mulieri</strong></span> <span class='ocrx_word' id='word_1_73' title='bbox 657 1326 787 1384; x_wconf 89' lang='lat' dir='ltr'><strong>violentia</strong></span> <span class='ocrx_word' id='word_1_74' title='bbox 803 1326 910 1397; x_wconf 85' lang='lat' dir='ltr'><strong>lecerit,</strong></span> <span class='ocrx_word' id='word_1_75' title='bbox 933 1335 961 1384; x_wconf 88' lang='lat' dir='ltr'><strong>ot</strong></span> <span class='ocrx_word' id='word_1_76' title='bbox 976 1327 1090 1385; x_wconf 84' lang='lat' dir='ltr'><strong>insitam</strong></span> <span class='ocrx_word' id='word_1_77' title='bbox 1103 1345 1166 1386; x_wconf 89' lang='lat' dir='ltr'><strong>eam</strong></span> <span class='ocrx_word' id='word_1_78' title='bbox 1179 1327 1271 1384; x_wconf 88' lang='lat' dir='ltr'><strong>tolerit</strong></span> 
     </span>
     <span class='ocr_line' id='line_1_10' title="bbox 213 1423 1273 1498; baseline 0.002 -18"><span class='ocrx_word' id='word_1_79' title='bbox 213 1425 248 1480; x_wconf 89' lang='lat' dir='ltr'><strong>ad</strong></span> <span class='ocrx_word' id='word_1_80' title='bbox 261 1439 387 1492; x_wconf 79' lang='lat' dir='ltr'><strong>onorem,</strong></span> <span class='ocrx_word' id='word_1_81' title='bbox 409 1423 444 1480; x_wconf 88' lang='lat' dir='ltr'><strong>sit</strong></span> <span class='ocrx_word' id='word_1_82' title='bbox 460 1425 610 1497; x_wconf 80' lang='lat' dir='ltr'><strong>culparetis</strong></span> <span class='ocrx_word' id='word_1_83' title='bbox 627 1425 732 1482; x_wconf 89' lang='lat' dir='ltr'><strong>solidos</strong></span> <span class='ocrx_word' id='word_1_84' title='bbox 754 1441 854 1490; x_wconf 83' lang='lat' dir='ltr'><strong>necue,</strong></span> <span class='ocrx_word' id='word_1_85' title='bbox 879 1426 1054 1483; x_wconf 86' lang='lat' dir='ltr'><strong>medietatem</strong></span> <span class='ocrx_word' id='word_1_86' title='bbox 1074 1428 1145 1498; x_wconf 79' lang='lat' dir='ltr'><strong>regi,</strong></span> <span class='ocrx_word' id='word_1_87' title='bbox 1167 1436 1195 1482; x_wconf 87' lang='lat' dir='ltr'><strong>ot</strong></span> <span class='ocrx_word' id='word_1_88' title='bbox 1215 1443 1273 1482; x_wconf 85' lang='lat' dir='ltr'><strong>rne-</strong></span> 
     </span>
     <span class='ocr_line' id='line_1_11' title="bbox 213 1521 1272 1596; baseline 0.001 -18"><span class='ocrx_word' id='word_1_89' title='bbox 213 1521 360 1578; x_wconf 84' lang='lat' dir='ltr'><strong>diaetatem</strong></span> <span class='ocrx_word' id='word_1_90' title='bbox 382 1521 543 1594; x_wconf 87' lang='lat' dir='ltr'><strong>parentibus</strong></span> <span class='ocrx_word' id='word_1_91' title='bbox 563 1522 705 1588; x_wconf 88' lang='lat' dir='ltr'><strong>mulieris;</strong></span> <span class='ocrx_word' id='word_1_92' title='bbox 728 1530 754 1580; x_wconf 87' lang='lat' dir='ltr'><strong>et</strong></span> <span class='ocrx_word' id='word_1_93' title='bbox 775 1523 798 1579; x_wconf 89' lang='lat' dir='ltr'><strong>si</strong></span> <span class='ocrx_word' id='word_1_94' title='bbox 827 1524 949 1596; x_wconf 85' lang='lat' dir='ltr'><strong>parentis</strong></span> <span class='ocrx_word' id='word_1_95' title='bbox 971 1540 1027 1581; x_wconf 91' lang='lat' dir='ltr'><strong>non</strong></span> <span class='ocrx_word' id='word_1_96' title='bbox 1049 1524 1193 1588; x_wconf 84' lang='lat' dir='ltr'><strong>habuerit,</strong></span> <span class='ocrx_word' id='word_1_97' title='bbox 1218 1522 1272 1596; x_wconf 91' lang='lat' dir='ltr'><strong>ipsi</strong></span> 
     </span>
     <span class='ocr_line' id='line_1_12' title="bbox 213 1619 1270 1694; baseline 0.001 -19"><span class='ocrx_word' id='word_1_98' title='bbox 213 1619 350 1690; x_wconf 77' lang='lat' dir='ltr'><strong>nungenti</strong></span> <span class='ocrx_word' id='word_1_99' title='bbox 364 1619 446 1676; x_wconf 89' lang='lat' dir='ltr'><strong>solidi</strong></span> <span class='ocrx_word' id='word_1_100' title='bbox 464 1638 479 1676; x_wconf 94' lang='lat' dir='ltr'><strong>a</strong></span> <span class='ocrx_word' id='word_1_101' title='bbox 496 1620 580 1677; x_wconf 85' lang='lat' dir='ltr'><strong>curtis</strong></span> <span class='ocrx_word' id='word_1_102' title='bbox 594 1621 653 1692; x_wconf 89' lang='lat' dir='ltr'><strong>regi</strong></span> <span class='ocrx_word' id='word_1_103' title='bbox 670 1628 838 1691; x_wconf 71' lang='lat' dir='ltr'><strong>exeganture</strong></span> <span class='ocrx_word' id='word_1_104' title='bbox 861 1628 889 1678; x_wconf 87' lang='lat' dir='ltr'><strong>et</strong></span> <span class='ocrx_word' id='word_1_105' title='bbox 908 1622 1009 1679; x_wconf 87' lang='lat' dir='ltr'><strong>mulier</strong></span> <span class='ocrx_word' id='word_1_106' title='bbox 1024 1622 1113 1694; x_wconf 85' lang='lat' dir='ltr'><strong>ipsam</strong></span> <span class='ocrx_word' id='word_1_107' title='bbox 1129 1621 1270 1678; x_wconf 87' lang='lat' dir='ltr'><strong>licentiam</strong></span> 
     </span>
     <span class='ocr_line' id='line_1_13' title="bbox 212 1717 1269 1793; baseline -0.001 -19"><span class='ocrx_word' id='word_1_108' title='bbox 212 1717 314 1774; x_wconf 87' lang='lat' dir='ltr'><strong>habeat</strong></span> <span class='ocrx_word' id='word_1_109' title='bbox 333 1733 397 1774; x_wconf 93' lang='lat' dir='ltr'><strong>cum</strong></span> <span class='ocrx_word' id='word_1_110' title='bbox 418 1733 515 1774; x_wconf 90' lang='lat' dir='ltr'><strong>omnes</strong></span> <span class='ocrx_word' id='word_1_111' title='bbox 539 1733 583 1774; x_wconf 88' lang='lat' dir='ltr'><strong>res</strong></span> <span class='ocrx_word' id='word_1_112' title='bbox 603 1735 667 1775; x_wconf 92' lang='lat' dir='ltr'><strong>suas</strong></span> <span class='ocrx_word' id='word_1_113' title='bbox 687 1719 814 1792; x_wconf 86' lang='lat' dir='ltr'><strong>proprias</strong></span> <span class='ocrx_word' id='word_1_114' title='bbox 834 1735 889 1792; x_wconf 87' lang='lat' dir='ltr'><strong>que</strong></span> <span class='ocrx_word' id='word_1_115' title='bbox 910 1719 936 1775; x_wconf 91' lang='lat' dir='ltr'><strong>ei</strong></span> <span class='ocrx_word' id='word_1_116' title='bbox 958 1735 1007 1792; x_wconf 88' lang='lat' dir='ltr'><strong>per</strong></span> <span class='ocrx_word' id='word_1_117' title='bbox 1027 1719 1089 1789; x_wconf 88' lang='lat' dir='ltr'><strong>lege</strong></span> <span class='ocrx_word' id='word_1_118' title='bbox 1106 1722 1269 1793; x_wconf 86' lang='lat' dir='ltr'><strong>conpetunt,</strong></span> 
     </span>
     <span class='ocr_line' id='line_1_14' title="bbox 212 1814 1273 1888; baseline 0.001 -18"><span class='ocrx_word' id='word_1_119' title='bbox 212 1814 351 1886; x_wconf 89' lang='lat' dir='ltr'><strong>elegendo</strong></span> <span class='ocrx_word' id='word_1_120' title='bbox 377 1814 426 1887; x_wconf 84' lang='lat' dir='ltr'><strong>qui</strong></span> <span class='ocrx_word' id='word_1_121' title='bbox 452 1814 598 1872; x_wconf 84' lang='lat' dir='ltr'><strong>mundium</strong></span> <span class='ocrx_word' id='word_1_122' title='bbox 623 1816 682 1888; x_wconf 89' lang='lat' dir='ltr'><strong>ejus</strong></span> <span class='ocrx_word' id='word_1_123' title='bbox 702 1816 732 1872; x_wconf 93' lang='lat' dir='ltr'><strong>in</strong></span> <span class='ocrx_word' id='word_1_124' title='bbox 760 1822 925 1888; x_wconf 88' lang='lat' dir='ltr'><strong>potestatem</strong></span> <span class='ocrx_word' id='word_1_125' title='bbox 947 1815 1048 1872; x_wconf 85' lang='lat' dir='ltr'><strong>debeat</strong></span> <span class='ocrx_word' id='word_1_126' title='bbox 1068 1816 1185 1884; x_wconf 84' lang='lat' dir='ltr'><strong>habero,</strong></span> <span class='ocrx_word' id='word_1_127' title='bbox 1215 1815 1273 1871; x_wconf 85' lang='lat' dir='ltr'><strong>vult</strong></span> 
     </span>
     <span class='ocr_line' id='line_1_15' title="bbox 213 1911 1271 1984; baseline -0.003 -15"><span class='ocrx_word' id='word_1_128' title='bbox 213 1919 346 1984; x_wconf 78' lang='lat' dir='ltr'><strong>epatre,</strong></span> <span class='ocrx_word' id='word_1_129' title='bbox 369 1911 391 1968; x_wconf 92' lang='lat' dir='ltr'><strong>si</strong></span> <span class='ocrx_word' id='word_1_130' title='bbox 413 1912 561 1978; x_wconf 84' lang='lat' dir='ltr'><strong>habuerit,</strong></span> <span class='ocrx_word' id='word_1_131' title='bbox 583 1914 642 1969; x_wconf 86' lang='lat' dir='ltr'><strong>vult</strong></span> <span class='ocrx_word' id='word_1_132' title='bbox 662 1915 698 1970; x_wconf 90' lang='lat' dir='ltr'><strong>ad</strong></span> <span class='ocrx_word' id='word_1_133' title='bbox 718 1914 826 1983; x_wconf 84' lang='lat' dir='ltr'><strong>iratres,</strong></span> <span class='ocrx_word' id='word_1_134' title='bbox 848 1915 907 1970; x_wconf 80' lang='lat' dir='ltr'><strong>vult</strong></span> <span class='ocrx_word' id='word_1_135' title='bbox 931 1914 965 1970; x_wconf 92' lang='lat' dir='ltr'><strong>ad</strong></span> <span class='ocrx_word' id='word_1_136' title='bbox 986 1913 1133 1982; x_wconf 86' lang='lat' dir='ltr'><strong>berbanes,</strong></span> <span class='ocrx_word' id='word_1_137' title='bbox 1156 1913 1216 1968; x_wconf 84' lang='lat' dir='ltr'><strong>vult</strong></span> <span class='ocrx_word' id='word_1_138' title='bbox 1235 1911 1271 1968; x_wconf 88' lang='lat' dir='ltr'><strong>ad</strong></span> 
     </span>
     <span class='ocr_line' id='line_1_16' title="bbox 212 2009 1269 2084; baseline -0.002 -18"><span class='ocrx_word' id='word_1_139' title='bbox 212 2026 325 2066; x_wconf 89' lang='lat' dir='ltr'><strong>manum</strong></span> <span class='ocrx_word' id='word_1_140' title='bbox 337 2009 425 2081; x_wconf 86' lang='lat' dir='ltr'><strong>regia,</strong></span> <span class='ocrx_word' id='word_1_141' title='bbox 437 2010 466 2066; x_wconf 92' lang='lat' dir='ltr'><strong>in</strong></span> <span class='ocrx_word' id='word_1_142' title='bbox 480 2009 566 2082; x_wconf 89' lang='lat' dir='ltr'><strong>ipsius</strong></span> <span class='ocrx_word' id='word_1_143' title='bbox 581 2011 704 2068; x_wconf 89' lang='lat' dir='ltr'><strong>mulieris</strong></span> <span class='ocrx_word' id='word_1_144' title='bbox 718 2012 753 2068; x_wconf 86' lang='lat' dir='ltr'><strong>sit</strong></span> <span class='ocrx_word' id='word_1_145' title='bbox 766 2018 930 2084; x_wconf 89' lang='lat' dir='ltr'><strong>potestatem</strong></span> <span class='ocrx_word' id='word_1_146' title='bbox 944 2010 993 2067; x_wconf 91' lang='lat' dir='ltr'><strong>ubi</strong></span> <span class='ocrx_word' id='word_1_147' title='bbox 1005 2010 1130 2082; x_wconf 86' lang='lat' dir='ltr'><strong>sibiipsa</strong></span> <span class='ocrx_word' id='word_1_148' title='bbox 1143 2009 1269 2078; x_wconf 83' lang='lat' dir='ltr'><strong>elegerit.</strong></span> 
     </span>
    </p>

    <p class='ocr_par' dir='ltr' id='par_1_5' title="bbox 213 2105 1269 2376">
     <span class='ocr_line' id='line_1_17' title="bbox 292 2105 1269 2182; baseline -0.001 -18"><span class='ocrx_word' id='word_1_149' title='bbox 292 2108 371 2165; x_wconf 69' lang='grc'><strong>181.</strong></span> <span class='ocrx_word' id='word_1_150' title='bbox 412 2105 454 2166; x_wconf 84' lang='lat' dir='ltr'><strong>De</strong></span> <span class='ocrx_word' id='word_1_151' title='bbox 472 2109 602 2164; x_wconf 73' lang='lat' dir='ltr'><strong>onuntto</strong></span> <span class='ocrx_word' id='word_1_152' title='bbox 621 2111 742 2166; x_wconf 68' lang='lat' dir='ltr'><strong>modieis</strong></span> <span class='ocrx_word' id='word_1_153' title='bbox 761 2108 866 2182; x_wconf 78' lang='lat' dir='ltr'><strong>tibere.)</strong></span> <span class='ocrx_word' id='word_1_154' title='bbox 888 2108 917 2165; x_wconf 88' lang='lat' dir='ltr'><strong>Si</strong></span> <span class='ocrx_word' id='word_1_155' title='bbox 939 2108 1001 2181; x_wconf 85' lang='lat' dir='ltr'><strong>quis</strong></span> <span class='ocrx_word' id='word_1_156' title='bbox 1017 2105 1139 2164; x_wconf 77' lang='lat' dir='ltr'><strong>violento</strong></span> <span class='ocrx_word' id='word_1_157' title='bbox 1154 2106 1269 2163; x_wconf 91' lang='lat' dir='ltr'><strong>nomine</strong></span> 
     </span>
     <span class='ocr_line' id='line_1_18' title="bbox 213 2203 1268 2278; baseline 0.001 -18"><span class='ocrx_word' id='word_1_158' title='bbox 213 2203 306 2261; x_wconf 88' lang='lat' dir='ltr'><strong>tulerit</strong></span> <span class='ocrx_word' id='word_1_159' title='bbox 319 2221 445 2274; x_wconf 76' lang='lat' dir='ltr'><strong>oxomm,</strong></span> <span class='ocrx_word' id='word_1_160' title='bbox 468 2212 611 2278; x_wconf 91' lang='lat' dir='ltr'><strong>conponat</strong></span> <span class='ocrx_word' id='word_1_161' title='bbox 626 2212 657 2262; x_wconf 94' lang='lat' dir='ltr'><strong>ut</strong></span> <span class='ocrx_word' id='word_1_162' title='bbox 674 2221 767 2278; x_wconf 91' lang='lat' dir='ltr'><strong>supra,</strong></span> <span class='ocrx_word' id='word_1_163' title='bbox 791 2211 820 2262; x_wconf 88' lang='lat' dir='ltr'><strong>et</strong></span> <span class='ocrx_word' id='word_1_164' title='bbox 833 2211 926 2278; x_wconf 89' lang='lat' dir='ltr'><strong>postea</strong></span> <span class='ocrx_word' id='word_1_165' title='bbox 941 2205 1086 2262; x_wconf 88' lang='lat' dir='ltr'><strong>mundium</strong></span> <span class='ocrx_word' id='word_1_166' title='bbox 1101 2205 1159 2278; x_wconf 87' lang='lat' dir='ltr'><strong>ejus</strong></span> <span class='ocrx_word' id='word_1_167' title='bbox 1176 2203 1268 2262; x_wconf 79' lang='lat' dir='ltr'><strong>iaciat.</strong></span> 
     </span>
     <span class='ocr_line' id='line_1_19' title="bbox 213 2301 1269 2376; baseline 0 -18"><span class='ocrx_word' id='word_1_168' title='bbox 213 2302 283 2358; x_wconf 84' lang='lat' dir='ltr'><strong>Nam</strong></span> <span class='ocrx_word' id='word_1_169' title='bbox 303 2301 326 2358; x_wconf 90' lang='lat' dir='ltr'><strong>si</strong></span> <span class='ocrx_word' id='word_1_170' title='bbox 347 2302 501 2372; x_wconf 87' lang='lat' dir='ltr'><strong>contegerit</strong></span> <span class='ocrx_word' id='word_1_171' title='bbox 521 2319 620 2372; x_wconf 87' lang='lat' dir='ltr'><strong>casus,</strong></span> <span class='ocrx_word' id='word_1_172' title='bbox 651 2310 681 2359; x_wconf 93' lang='lat' dir='ltr'><strong>ut</strong></span> <span class='ocrx_word' id='word_1_173' title='bbox 701 2311 850 2376; x_wconf 85' lang='lat' dir='ltr'><strong>antequam</strong></span> <span class='ocrx_word' id='word_1_174' title='bbox 871 2303 1017 2360; x_wconf 84' lang='lat' dir='ltr'><strong>mundium</strong></span> <span class='ocrx_word' id='word_1_175' title='bbox 1043 2302 1141 2359; x_wconf 85' lang='lat' dir='ltr'><strong>iecerit</strong></span> <span class='ocrx_word' id='word_1_176' title='bbox 1160 2308 1269 2359; x_wconf 85' lang='lat' dir='ltr'><strong>mortua</strong></span> 
     </span>
    </p>
   </div>
   <div class='ocr_carea' id='block_1_4' title="bbox 113 2385 1359 2473">
    <p class='ocr_par' dir='ltr' id='par_1_6' title="bbox 113 2385 1359 2473">
     <span class='ocr_line' id='line_1_20' title="bbox 113 2385 1359 2473; baseline 0.001 -18"><span class='ocrx_word' id='word_1_177' title='bbox 113 2423 117 2428; x_wconf 90' lang='lat'>·</span> <span class='ocrx_word' id='word_1_178' title='bbox 213 2398 305 2468; x_wconf 86' lang='lat' dir='ltr'><strong>inerit,</strong></span> <span class='ocrx_word' id='word_1_179' title='bbox 328 2415 371 2456; x_wconf 89' lang='lat' dir='ltr'><strong>res</strong></span> <span class='ocrx_word' id='word_1_180' title='bbox 392 2399 451 2472; x_wconf 84' lang='lat' dir='ltr'><strong>ejus</strong></span> <span class='ocrx_word' id='word_1_181' title='bbox 474 2401 636 2472; x_wconf 85' lang='lat' dir='ltr'><strong>parentibus</strong></span> <span class='ocrx_word' id='word_1_182' title='bbox 655 2400 796 2470; x_wconf 85' lang='lat' dir='ltr'><strong>reddatur,</strong></span> <span class='ocrx_word' id='word_1_183' title='bbox 820 2408 847 2458; x_wconf 92' lang='lat' dir='ltr'><strong>et</strong></span> <span class='ocrx_word' id='word_1_184' title='bbox 867 2401 913 2458; x_wconf 92' lang='lat' dir='ltr'><strong>ille</strong></span> <span class='ocrx_word' id='word_1_185' title='bbox 934 2385 976 2456; x_wconf 83' lang='lat' dir='ltr'><strong>vir</strong></span> <span class='ocrx_word' id='word_1_186' title='bbox 996 2400 1043 2473; x_wconf 85' lang='lat' dir='ltr'><strong>qui</strong></span> <span class='ocrx_word' id='word_1_187' title='bbox 1066 2417 1126 2456; x_wconf 86' lang='lat' dir='ltr'><strong>earn</strong></span> <span class='ocrx_word' id='word_1_188' title='bbox 1147 2399 1270 2456; x_wconf 86' lang='lat' dir='ltr'><strong>violento</strong></span> <span class='ocrx_word' id='word_1_189' title='bbox 1355 2411 1359 2420; x_wconf 83' lang='grc'><em>’</em></span> 
     </span>
    </p>
   </div>
   <div class='ocr_carea' id='block_1_5' title="bbox 209 2497 1273 4530">
    <p class='ocr_par' dir='ltr' id='par_1_7' title="bbox 212 2497 1273 2862">
     <span class='ocr_line' id='line_1_21' title="bbox 216 2497 1273 2571; baseline 0.001 -18"><span class='ocrx_word' id='word_1_190' title='bbox 216 2497 315 2554; x_wconf 90' lang='lat' dir='ltr'><strong>ordine</strong></span> <span class='ocrx_word' id='word_1_191' title='bbox 336 2497 429 2554; x_wconf 90' lang='lat' dir='ltr'><strong>tulerit</strong></span> <span class='ocrx_word' id='word_1_192' title='bbox 450 2513 564 2554; x_wconf 85' lang='lat' dir='ltr'><strong>uxorem</strong></span> <span class='ocrx_word' id='word_1_193' title='bbox 585 2504 725 2570; x_wconf 80' lang='lat' dir='ltr'><strong>conponat</strong></span> <span class='ocrx_word' id='word_1_194' title='bbox 746 2515 808 2555; x_wconf 91' lang='lat' dir='ltr'><strong>eam</strong></span> <span class='ocrx_word' id='word_1_195' title='bbox 829 2503 955 2568; x_wconf 91' lang='lat' dir='ltr'><strong>mortua,</strong></span> <span class='ocrx_word' id='word_1_196' title='bbox 983 2505 1124 2571; x_wconf 70' lang='lat' dir='ltr'><strong>umquam</strong></span> <span class='ocrx_word' id='word_1_197' title='bbox 1150 2513 1215 2554; x_wconf 81' lang='lat' dir='ltr'><strong>vero</strong></span> <span class='ocrx_word' id='word_1_198' title='bbox 1238 2498 1273 2554; x_wconf 89' lang='lat' dir='ltr'><strong>de</strong></span> 
     </span>
     <span class='ocr_line' id='line_1_22' title="bbox 213 2594 1269 2670; baseline -0.002 -18"><span class='ocrx_word' id='word_1_199' title='bbox 213 2594 303 2652; x_wconf 85' lang='lat' dir='ltr'><strong>simile</strong></span> <span class='ocrx_word' id='word_1_200' title='bbox 324 2595 499 2665; x_wconf 87' lang='lat' dir='ltr'><strong>serrguiuem,</strong></span> <span class='ocrx_word' id='word_1_201' title='bbox 523 2595 551 2651; x_wconf 95' lang='lat' dir='ltr'><strong>id</strong></span> <span class='ocrx_word' id='word_1_202' title='bbox 573 2600 614 2652; x_wconf 88' lang='lat' dir='ltr'><strong>est</strong></span> <span class='ocrx_word' id='word_1_203' title='bbox 634 2595 657 2652; x_wconf 93' lang='lat' dir='ltr'><strong>si</strong></span> <span class='ocrx_word' id='word_1_204' title='bbox 672 2596 756 2653; x_wconf 86' lang='lat' dir='ltr'><strong>irater</strong></span> <span class='ocrx_word' id='word_1_205' title='bbox 775 2597 834 2669; x_wconf 81' lang='lat' dir='ltr'><strong>eJ&#39;us</strong></span> <span class='ocrx_word' id='word_1_206' title='bbox 847 2595 998 2665; x_wconf 83' lang='lat' dir='ltr'><strong>occidissit,</strong></span> <span class='ocrx_word' id='word_1_207' title='bbox 1023 2596 1060 2654; x_wconf 87' lang='lat' dir='ltr'><strong>ite</strong></span> <span class='ocrx_word' id='word_1_208' title='bbox 1072 2595 1269 2670; x_wconf 88' lang='lat' dir='ltr'><strong>adpraetietur,</strong></span> 
     </span>
     <span class='ocr_line' id='line_1_23' title="bbox 212 2691 1272 2767; baseline 0.002 -19"><span class='ocrx_word' id='word_1_209' title='bbox 212 2693 296 2748; x_wconf 91' lang='lat' dir='ltr'><strong>etad</strong></span> <span class='ocrx_word' id='word_1_210' title='bbox 316 2691 477 2764; x_wconf 89' lang='lat' dir='ltr'><strong>parentibus</strong></span> <span class='ocrx_word' id='word_1_211' title='bbox 499 2709 549 2766; x_wconf 91' lang='lat' dir='ltr'><strong>pro</strong></span> <span class='ocrx_word' id='word_1_212' title='bbox 569 2700 678 2751; x_wconf 90' lang='lat' dir='ltr'><strong>mortua</strong></span> <span class='ocrx_word' id='word_1_213' title='bbox 693 2709 854 2767; x_wconf 82' lang='lat' dir='ltr'><strong>conponere</strong></span> <span class='ocrx_word' id='word_1_214' title='bbox 869 2701 995 2764; x_wconf 89' lang='lat' dir='ltr'><strong>cogatur,</strong></span> <span class='ocrx_word' id='word_1_215' title='bbox 1018 2701 1066 2750; x_wconf 89' lang='lat' dir='ltr'><strong>aut</strong></span> <span class='ocrx_word' id='word_1_216' title='bbox 1085 2693 1130 2750; x_wconf 92' lang='lat' dir='ltr'><strong>cui</strong></span> <span class='ocrx_word' id='word_1_217' title='bbox 1140 2693 1272 2750; x_wconf 90' lang='lat' dir='ltr'><strong>mundius</strong></span> 
     </span>
     <span class='ocr_line' id='line_1_24' title="bbox 212 2789 503 2862; baseline 0.003 -17"><span class='ocrx_word' id='word_1_218' title='bbox 212 2789 248 2846; x_wconf 89' lang='lat' dir='ltr'><strong>de</strong></span> <span class='ocrx_word' id='word_1_219' title='bbox 270 2807 302 2846; x_wconf 89' lang='lat' dir='ltr'><strong>ea</strong></span> <span class='ocrx_word' id='word_1_220' title='bbox 323 2789 503 2862; x_wconf 84' lang='lat' dir='ltr'><strong>pertenuerit.</strong></span> 
     </span>
    </p>

    <p class='ocr_par' dir='ltr' id='par_1_8' title="bbox 210 2887 1272 3546">
     <span class='ocr_line' id='line_1_25' title="bbox 290 2887 1272 2960; baseline 0.003 -17"><span class='ocrx_word' id='word_1_221' title='bbox 290 2887 375 2946; x_wconf 91' lang='grc'><strong>188.</strong></span> <span class='ocrx_word' id='word_1_222' title='bbox 417 2887 448 2944; x_wconf 88' lang='lat' dir='ltr'><strong>Si</strong></span> <span class='ocrx_word' id='word_1_223' title='bbox 469 2887 561 2959; x_wconf 91' lang='lat' dir='ltr'><strong>puella</strong></span> <span class='ocrx_word' id='word_1_224' title='bbox 582 2887 669 2944; x_wconf 86' lang='lat' dir='ltr'><strong>libera</strong></span> <span class='ocrx_word' id='word_1_225' title='bbox 690 2892 738 2945; x_wconf 88' lang='lat' dir='ltr'><strong>aut</strong></span> <span class='ocrx_word' id='word_1_226' title='bbox 754 2888 842 2944; x_wconf 88' lang='lat' dir='ltr'><strong>redua</strong></span> <span class='ocrx_word' id='word_1_227' title='bbox 863 2887 924 2945; x_wconf 86' lang='lat' dir='ltr'><strong>sine</strong></span> <span class='ocrx_word' id='word_1_228' title='bbox 942 2889 1110 2945; x_wconf 84' lang='lat' dir='ltr'><strong>voluntatem</strong></span> <span class='ocrx_word' id='word_1_229' title='bbox 1125 2894 1272 2960; x_wconf 86' lang='lat' dir='ltr'><strong>parentum</strong></span> 
     </span>
     <span class='ocr_line' id='line_1_26' title="bbox 211 2983 1272 3057; baseline 0.001 -16"><span class='ocrx_word' id='word_1_230' title='bbox 211 2983 247 3041; x_wconf 88' lang='lat' dir='ltr'><strong>ad</strong></span> <span class='ocrx_word' id='word_1_231' title='bbox 268 2983 397 3041; x_wconf 89' lang='lat' dir='ltr'><strong>maritum</strong></span> <span class='ocrx_word' id='word_1_232' title='bbox 424 2984 623 3050; x_wconf 82' lang='lat' dir='ltr'><strong>ambulaverit,</strong></span> <span class='ocrx_word' id='word_1_233' title='bbox 656 2984 745 3042; x_wconf 86' lang='lat' dir='ltr'><strong>libero</strong></span> <span class='ocrx_word' id='word_1_234' title='bbox 766 2992 879 3055; x_wconf 90' lang='lat' dir='ltr'><strong>tamen,</strong></span> <span class='ocrx_word' id='word_1_235' title='bbox 913 2993 978 3042; x_wconf 87' lang='lat' dir='ltr'><strong>tunc</strong></span> <span class='ocrx_word' id='word_1_236' title='bbox 998 2985 1113 3042; x_wconf 90' lang='lat' dir='ltr'><strong>maritus</strong></span> <span class='ocrx_word' id='word_1_237' title='bbox 1140 2984 1188 3057; x_wconf 86' lang='lat' dir='ltr'><strong>qui</strong></span> <span class='ocrx_word' id='word_1_238' title='bbox 1210 3001 1272 3042; x_wconf 88' lang='lat' dir='ltr'><strong>eam</strong></span> 
     </span>
     <span class='ocr_line' id='line_1_27' title="bbox 211 3060 1270 3161; baseline -0.002 -22"><span class='ocrx_word' id='word_1_239' title='bbox 211 3080 319 3153; x_wconf 89' lang='lat' dir='ltr'><strong>accepit</strong></span> <span class='ocrx_word' id='word_1_240' title='bbox 329 3097 442 3138; x_wconf 79' lang='lat' dir='ltr'><strong>onorem</strong></span> <span class='ocrx_word' id='word_1_241' title='bbox 460 3089 601 3154; x_wconf 87' lang='lat' dir='ltr'><strong>conponat</strong></span> <span class='ocrx_word' id='word_1_242' title='bbox 615 3082 731 3154; x_wconf 90' lang='lat' dir='ltr'><strong>anagrip</strong></span> <span class='ocrx_word' id='word_1_243' title='bbox 749 3060 853 3140; x_wconf 76' lang='lat' dir='ltr'><strong>solidos</strong></span> <span class='ocrx_word' id='word_1_244' title='bbox 869 3101 916 3161; x_wconf 70' lang='lat'><strong>,¹¹2</strong></span> <span class='ocrx_word' id='word_1_245' title='bbox 940 3091 968 3139; x_wconf 90' lang='lat' dir='ltr'><strong>et</strong></span> <span class='ocrx_word' id='word_1_246' title='bbox 984 3089 1097 3154; x_wconf 90' lang='lat' dir='ltr'><strong>propter</strong></span> <span class='ocrx_word' id='word_1_247' title='bbox 1111 3081 1184 3138; x_wconf 85' lang='lat' dir='ltr'><strong>laida</strong></span> <span class='ocrx_word' id='word_1_248' title='bbox 1200 3081 1270 3138; x_wconf 90' lang='lat' dir='ltr'><strong>alios</strong></span> 
     </span>
     <span class='ocr_line' id='line_1_28' title="bbox 211 3178 1271 3254; baseline 0 -18"><span class='ocrx_word' id='word_1_249' title='bbox 211 3178 324 3250; x_wconf 83' lang='lat' dir='ltr'><strong>vigenti.</strong></span> <span class='ocrx_word' id='word_1_250' title='bbox 347 3179 383 3236; x_wconf 79' lang='lat' dir='ltr'><strong>Et</strong></span> <span class='ocrx_word' id='word_1_251' title='bbox 402 3179 424 3235; x_wconf 88' lang='lat' dir='ltr'><strong>si</strong></span> <span class='ocrx_word' id='word_1_252' title='bbox 438 3179 595 3251; x_wconf 90' lang='lat' dir='ltr'><strong>contegerit</strong></span> <span class='ocrx_word' id='word_1_253' title='bbox 614 3185 772 3236; x_wconf 80' lang='lat' dir='ltr'><strong>eumentes</strong></span> <span class='ocrx_word' id='word_1_254' title='bbox 794 3181 864 3237; x_wconf 91' lang='lat' dir='ltr'><strong>mori</strong></span> <span class='ocrx_word' id='word_1_255' title='bbox 883 3197 967 3254; x_wconf 89' lang='lat' dir='ltr'><strong>quam</strong></span> <span class='ocrx_word' id='word_1_256' title='bbox 984 3180 1130 3238; x_wconf 87' lang='lat' dir='ltr'><strong>mundium</strong></span> <span class='ocrx_word' id='word_1_257' title='bbox 1150 3178 1210 3250; x_wconf 86' lang='lat' dir='ltr'><strong>ejus</strong></span> <span class='ocrx_word' id='word_1_258' title='bbox 1231 3179 1271 3236; x_wconf 86' lang='lat' dir='ltr'><strong>la-</strong></span> 
     </span>
     <span class='ocr_line' id='line_1_29' title="bbox 210 3275 1271 3351; baseline 0 -17"><span class='ocrx_word' id='word_1_259' title='bbox 210 3276 275 3342; x_wconf 89' lang='lat' dir='ltr'><strong>eiat,</strong></span> <span class='ocrx_word' id='word_1_260' title='bbox 288 3292 331 3332; x_wconf 88' lang='lat' dir='ltr'><strong>res</strong></span> <span class='ocrx_word' id='word_1_261' title='bbox 341 3275 427 3348; x_wconf 88' lang='lat' dir='ltr'><strong>ipsius</strong></span> <span class='ocrx_word' id='word_1_262' title='bbox 438 3275 561 3334; x_wconf 90' lang='lat' dir='ltr'><strong>mulieris</strong></span> <span class='ocrx_word' id='word_1_263' title='bbox 572 3277 608 3334; x_wconf 88' lang='lat' dir='ltr'><strong>ad</strong></span> <span class='ocrx_word' id='word_1_264' title='bbox 619 3293 682 3334; x_wconf 87' lang='lat' dir='ltr'><strong>eum</strong></span> <span class='ocrx_word' id='word_1_265' title='bbox 700 3285 871 3335; x_wconf 88' lang='lat' dir='ltr'><strong>revertantur</strong></span> <span class='ocrx_word' id='word_1_266' title='bbox 886 3279 934 3351; x_wconf 86' lang='lat' dir='ltr'><strong>qui</strong></span> <span class='ocrx_word' id='word_1_267' title='bbox 946 3277 1093 3335; x_wconf 90' lang='lat' dir='ltr'><strong>mundium</strong></span> <span class='ocrx_word' id='word_1_268' title='bbox 1111 3277 1169 3349; x_wconf 85' lang='lat' dir='ltr'><strong>ejus</strong></span> <span class='ocrx_word' id='word_1_269' title='bbox 1181 3276 1209 3334; x_wconf 92' lang='lat' dir='ltr'><strong>in</strong></span> <span class='ocrx_word' id='word_1_270' title='bbox 1221 3293 1271 3349; x_wconf 84' lang='lat' dir='ltr'><strong>po-</strong></span> 
     </span>
     <span class='ocr_line' id='line_1_30' title="bbox 211 3374 1268 3449; baseline 0.002 -19"><span class='ocrx_word' id='word_1_271' title='bbox 211 3380 335 3430; x_wconf 83' lang='lat' dir='ltr'><strong>testatem</strong></span> <span class='ocrx_word' id='word_1_272' title='bbox 349 3374 437 3439; x_wconf 85' lang='lat' dir='ltr'><strong>habit,</strong></span> <span class='ocrx_word' id='word_1_273' title='bbox 457 3374 647 3447; x_wconf 90' lang='lat' dir='ltr'><strong>uamampiius</strong></span> <span class='ocrx_word' id='word_1_274' title='bbox 657 3375 795 3432; x_wconf 88' lang='lat' dir='ltr'><strong>calomnia</strong></span> <span class='ocrx_word' id='word_1_275' title='bbox 808 3375 1008 3449; x_wconf 86' lang='lat' dir='ltr'><strong>praesumptori</strong></span> <span class='ocrx_word' id='word_1_276' title='bbox 1020 3392 1076 3432; x_wconf 91' lang='lat' dir='ltr'><strong>non</strong></span> <span class='ocrx_word' id='word_1_277' title='bbox 1088 3382 1268 3445; x_wconf 87' lang='lat' dir='ltr'><strong>generentur.</strong></span> 
     </span>
     <span class='ocr_line' id='line_1_31' title="bbox 210 3471 1269 3546; baseline 0.006 -19"><span class='ocrx_word' id='word_1_278' title='bbox 210 3471 278 3528; x_wconf 91' lang='lat' dir='ltr'><strong>ldeo</strong></span> <span class='ocrx_word' id='word_1_279' title='bbox 295 3471 393 3544; x_wconf 89' lang='lat' dir='ltr'><strong>perdat</strong></span> <span class='ocrx_word' id='word_1_280' title='bbox 404 3471 518 3532; x_wconf 88' lang='lat' dir='ltr'><strong>maritus</strong></span> <span class='ocrx_word' id='word_1_281' title='bbox 538 3488 582 3528; x_wconf 92' lang='lat' dir='ltr'><strong>ros</strong></span> <span class='ocrx_word' id='word_1_282' title='bbox 599 3471 733 3537; x_wconf 88' lang='lat' dir='ltr'><strong>mulieris,</strong></span> <span class='ocrx_word' id='word_1_283' title='bbox 753 3489 787 3529; x_wconf 89' lang='lat' dir='ltr'><strong>eo</strong></span> <span class='ocrx_word' id='word_1_284' title='bbox 802 3474 877 3546; x_wconf 86' lang='lat' dir='ltr'><strong>quod</strong></span> <span class='ocrx_word' id='word_1_285' title='bbox 893 3474 1009 3534; x_wconf 86' lang='lat' dir='ltr'><strong>mundio</strong></span> <span class='ocrx_word' id='word_1_286' title='bbox 1029 3473 1119 3532; x_wconf 86' lang='lat' dir='ltr'><strong>iacere</strong></span> <span class='ocrx_word' id='word_1_287' title='bbox 1138 3474 1269 3546; x_wconf 78' lang='lat' dir='ltr'><strong>neglexit.</strong></span> 
     </span>
    </p>

    <p class='ocr_par' dir='ltr' id='par_1_9' title="bbox 209 3567 1270 4530">
     <span class='ocr_line' id='line_1_32' title="bbox 289 3567 1270 3645; baseline 0.002 -17"><span class='ocrx_word' id='word_1_288' title='bbox 289 3571 376 3628; x_wconf 80' lang='lat' dir='ltr'><strong>lsu.</strong></span> <span class='ocrx_word' id='word_1_289' title='bbox 397 3567 451 3642; x_wconf 83' lang='lat' dir='ltr'><strong>(De</strong></span> <span class='ocrx_word' id='word_1_290' title='bbox 468 3571 663 3642; x_wconf 68' lang='lat' dir='ltr'><strong>[minationis</strong></span> <span class='ocrx_word' id='word_1_291' title='bbox 683 3568 801 3645; x_wconf 75' lang='lat' dir='ltr'><strong>causan)</strong></span> <span class='ocrx_word' id='word_1_292' title='bbox 844 3571 874 3628; x_wconf 88' lang='lat' dir='ltr'><strong>Si</strong></span> <span class='ocrx_word' id='word_1_293' title='bbox 901 3571 1022 3644; x_wconf 87' lang='lat' dir='ltr'><strong>puellam</strong></span> <span class='ocrx_word' id='word_1_294' title='bbox 1048 3578 1095 3629; x_wconf 92' lang='lat' dir='ltr'><strong>aut</strong></span> <span class='ocrx_word' id='word_1_295' title='bbox 1115 3572 1216 3630; x_wconf 89' lang='lat' dir='ltr'><strong>mulier</strong></span> <span class='ocrx_word' id='word_1_296' title='bbox 1236 3572 1270 3630; x_wconf 91' lang='lat' dir='ltr'><strong>li·</strong></span> 
     </span>
     <span class='ocr_line' id='line_1_33' title="bbox 211 3666 1270 3742; baseline 0.002 -18"><span class='ocrx_word' id='word_1_297' title='bbox 211 3669 305 3726; x_wconf 88' lang='lat' dir='ltr'><strong>beram</strong></span> <span class='ocrx_word' id='word_1_298' title='bbox 326 3667 497 3724; x_wconf 86' lang='lat' dir='ltr'><strong>voluntariae</strong></span> <span class='ocrx_word' id='word_1_299' title='bbox 519 3666 716 3738; x_wconf 84' lang='lat' dir='ltr'><strong>lornigaverit,</strong></span> <span class='ocrx_word' id='word_1_300' title='bbox 738 3684 801 3724; x_wconf 90' lang='lat' dir='ltr'><strong>cum</strong></span> <span class='ocrx_word' id='word_1_301' title='bbox 822 3669 894 3726; x_wconf 86' lang='lat' dir='ltr'><strong>liber</strong></span> <span class='ocrx_word' id='word_1_302' title='bbox 915 3677 1006 3728; x_wconf 88' lang='lat' dir='ltr'><strong>tamen</strong></span> <span class='ocrx_word' id='word_1_303' title='bbox 1029 3670 1189 3739; x_wconf 88' lang='lat' dir='ltr'><strong>hominem,</strong></span> <span class='ocrx_word' id='word_1_304' title='bbox 1219 3685 1270 3742; x_wconf 94' lang='lat' dir='ltr'><strong>po-</strong></span> 
     </span>
     <span class='ocr_line' id='line_1_34' title="bbox 210 3765 1270 3838; baseline 0.006 -18"><span class='ocrx_word' id='word_1_305' title='bbox 210 3771 336 3822; x_wconf 87' lang='lat' dir='ltr'><strong>testatem</strong></span> <span class='ocrx_word' id='word_1_306' title='bbox 358 3765 458 3822; x_wconf 88' lang='lat' dir='ltr'><strong>habeat</strong></span> <span class='ocrx_word' id='word_1_307' title='bbox 477 3770 606 3838; x_wconf 87' lang='lat' dir='ltr'><strong>parentes</strong></span> <span class='ocrx_word' id='word_1_308' title='bbox 627 3765 655 3820; x_wconf 94' lang='lat' dir='ltr'><strong>iu</strong></span> <span class='ocrx_word' id='word_1_309' title='bbox 677 3782 738 3822; x_wconf 90' lang='lat' dir='ltr'><strong>eam</strong></span> <span class='ocrx_word' id='word_1_310' title='bbox 760 3767 825 3822; x_wconf 92' lang='lat' dir='ltr'><strong>dare</strong></span> <span class='ocrx_word' id='word_1_311' title='bbox 846 3767 978 3824; x_wconf 86' lang='lat' dir='ltr'><strong>vindicta.</strong></span> <span class='ocrx_word' id='word_1_312' title='bbox 1020 3768 1098 3825; x_wconf 85' lang='lat' dir='ltr'><strong>Etsi</strong></span> <span class='ocrx_word' id='word_1_313' title='bbox 1120 3768 1191 3824; x_wconf 85' lang='lat' dir='ltr'><strong>sorte</strong></span> <span class='ocrx_word' id='word_1_314' title='bbox 1212 3784 1270 3826; x_wconf 86' lang='lat' dir='ltr'><strong>auu·</strong></span> 
     </span>
     <span class='ocr_line' id='line_1_35' title="bbox 211 3848 1266 3936; baseline 0.002 -16"><span class='ocrx_word' id='word_1_315' title='bbox 211 3864 308 3920; x_wconf 86' lang='lat' dir='ltr'><strong>burum</strong></span> <span class='ocrx_word' id='word_1_316' title='bbox 329 3861 448 3935; x_wconf 88' lang='lat' dir='ltr'><strong>partium</strong></span> <span class='ocrx_word' id='word_1_317' title='bbox 469 3863 585 3932; x_wconf 86' lang='lat' dir='ltr'><strong>steterit,</strong></span> <span class='ocrx_word' id='word_1_318' title='bbox 608 3869 638 3918; x_wconf 89' lang='lat' dir='ltr'><strong>ut</strong></span> <span class='ocrx_word' id='word_1_319' title='bbox 658 3862 705 3920; x_wconf 92' lang='lat' dir='ltr'><strong>ille</strong></span> <span class='ocrx_word' id='word_1_320' title='bbox 726 3864 775 3936; x_wconf 90' lang='lat' dir='ltr'><strong>qui</strong></span> <span class='ocrx_word' id='word_1_321' title='bbox 796 3848 944 3936; x_wconf 82' lang='lat' dir='ltr'><strong>lornigavit</strong></span> <span class='ocrx_word' id='word_1_322' title='bbox 964 3881 1026 3922; x_wconf 90' lang='lat' dir='ltr'><strong>eum</strong></span> <span class='ocrx_word' id='word_1_323' title='bbox 1045 3867 1123 3922; x_wconf 88' lang='lat' dir='ltr'><strong>tollat</strong></span> <span class='ocrx_word' id='word_1_324' title='bbox 1140 3881 1266 3931; x_wconf 84' lang='lat' dir='ltr'><strong>uxorem,</strong></span> 
     </span>
     <span class='ocr_line' id='line_1_36' title="bbox 212 3960 1269 4035; baseline 0.002 -17"><span class='ocrx_word' id='word_1_325' title='bbox 212 3967 354 4034; x_wconf 87' lang='lat' dir='ltr'><strong>conponat</strong></span> <span class='ocrx_word' id='word_1_326' title='bbox 375 3976 425 4034; x_wconf 93' lang='lat' dir='ltr'><strong>pro</strong></span> <span class='ocrx_word' id='word_1_327' title='bbox 446 3961 538 4034; x_wconf 90' lang='lat' dir='ltr'><strong>culpa,</strong></span> <span class='ocrx_word' id='word_1_328' title='bbox 562 3960 590 4017; x_wconf 90' lang='lat' dir='ltr'><strong>id</strong></span> <span class='ocrx_word' id='word_1_329' title='bbox 611 3965 652 4018; x_wconf 85' lang='lat' dir='ltr'><strong>est</strong></span> <span class='ocrx_word' id='word_1_330' title='bbox 671 3961 802 4034; x_wconf 87' lang='lat' dir='ltr'><strong>anagrip,</strong></span> <span class='ocrx_word' id='word_1_331' title='bbox 834 3963 938 4020; x_wconf 87' lang='lat' dir='ltr'><strong>solidos</strong></span> <span class='ocrx_word' id='word_1_332' title='bbox 960 3963 1075 4034; x_wconf 82' lang='lat' dir='ltr'><strong>viginti,</strong></span> <span class='ocrx_word' id='word_1_333' title='bbox 1107 3970 1135 4018; x_wconf 89' lang='lat' dir='ltr'><strong>et</strong></span> <span class='ocrx_word' id='word_1_334' title='bbox 1155 3970 1269 4035; x_wconf 89' lang='lat' dir='ltr'><strong>propter</strong></span> 
     </span>
     <span class='ocr_line' id='line_1_37' title="bbox 211 4058 1268 4130; baseline 0 -14"><span class='ocrx_word' id='word_1_335' title='bbox 211 4059 284 4116; x_wconf 85' lang='lat' dir='ltr'><strong>laida</strong></span> <span class='ocrx_word' id='word_1_336' title='bbox 306 4058 375 4116; x_wconf 85' lang='lat' dir='ltr'><strong>ulios</strong></span> <span class='ocrx_word' id='word_1_337' title='bbox 395 4075 447 4126; x_wconf 81' lang='lat'><strong>¹¹3</strong></span> <span class='ocrx_word' id='word_1_338' title='bbox 470 4065 498 4116; x_wconf 86' lang='lat' dir='ltr'><strong>et</strong></span> <span class='ocrx_word' id='word_1_339' title='bbox 518 4058 613 4115; x_wconf 89' lang='lat' dir='ltr'><strong>sinon</strong></span> <span class='ocrx_word' id='word_1_340' title='bbox 631 4060 795 4118; x_wconf 83' lang='lat' dir='ltr'><strong>convenerit</strong></span> <span class='ocrx_word' id='word_1_341' title='bbox 814 4068 915 4120; x_wconf 90' lang='lat' dir='ltr'><strong>uteam</strong></span> <span class='ocrx_word' id='word_1_342' title='bbox 932 4063 1033 4120; x_wconf 88' lang='lat' dir='ltr'><strong>habeat</strong></span> <span class='ocrx_word' id='word_1_343' title='bbox 1052 4076 1177 4130; x_wconf 80' lang='lat' dir='ltr'><strong>onorem,</strong></span> <span class='ocrx_word' id='word_1_344' title='bbox 1200 4077 1268 4116; x_wconf 90' lang='lat' dir='ltr'><strong>con-</strong></span> 
     </span>
     <span class='ocr_line' id='line_1_38' title="bbox 210 4157 1267 4232; baseline 0.002 -18"><span class='ocrx_word' id='word_1_345' title='bbox 210 4163 297 4232; x_wconf 85' lang='lat' dir='ltr'><strong>ponat</strong></span> <span class='ocrx_word' id='word_1_346' title='bbox 316 4157 420 4216; x_wconf 92' lang='lat' dir='ltr'><strong>solidos</strong></span> <span class='ocrx_word' id='word_1_347' title='bbox 441 4162 562 4226; x_wconf 88' lang='lat' dir='ltr'><strong>centum,</strong></span> <span class='ocrx_word' id='word_1_348' title='bbox 585 4158 762 4217; x_wconf 88' lang='lat' dir='ltr'><strong>medietatem</strong></span> <span class='ocrx_word' id='word_1_349' title='bbox 781 4160 859 4232; x_wconf 91' lang='lat' dir='ltr'><strong>regi,</strong></span> <span class='ocrx_word' id='word_1_350' title='bbox 880 4167 909 4218; x_wconf 87' lang='lat' dir='ltr'><strong>et</strong></span> <span class='ocrx_word' id='word_1_351' title='bbox 928 4161 1104 4218; x_wconf 87' lang='lat' dir='ltr'><strong>medictatem</strong></span> <span class='ocrx_word' id='word_1_352' title='bbox 1125 4158 1162 4216; x_wconf 90' lang='lat' dir='ltr'><strong>ad</strong></span> <span class='ocrx_word' id='word_1_353' title='bbox 1182 4176 1267 4232; x_wconf 85' lang='lat' dir='ltr'><strong>quem</strong></span> 
     </span>
     <span class='ocr_line' id='line_1_39' title="bbox 210 4255 1269 4331; baseline 0.002 -17"><span class='ocrx_word' id='word_1_354' title='bbox 210 4255 341 4314; x_wconf 89' lang='lat' dir='ltr'><strong>mundius</strong></span> <span class='ocrx_word' id='word_1_355' title='bbox 361 4256 396 4312; x_wconf 92' lang='lat' dir='ltr'><strong>de</strong></span> <span class='ocrx_word' id='word_1_356' title='bbox 416 4271 449 4312; x_wconf 90' lang='lat' dir='ltr'><strong>ea</strong></span> <span class='ocrx_word' id='word_1_357' title='bbox 469 4256 648 4328; x_wconf 81' lang='lat' dir='ltr'><strong>pertenuerit</strong></span> <span class='ocrx_word' id='word_1_358' title='bbox 669 4257 749 4315; x_wconf 86' lang='lat' dir='ltr'><strong>Etsi</strong></span> <span class='ocrx_word' id='word_1_359' title='bbox 770 4259 892 4331; x_wconf 88' lang='lat' dir='ltr'><strong>parentis</strong></span> <span class='ocrx_word' id='word_1_360' title='bbox 909 4259 1031 4316; x_wconf 89' lang='lat' dir='ltr'><strong>noluerit</strong></span> <span class='ocrx_word' id='word_1_361' title='bbox 1050 4265 1097 4316; x_wconf 93' lang='lat' dir='ltr'><strong>aut</strong></span> <span class='ocrx_word' id='word_1_362' title='bbox 1114 4259 1269 4330; x_wconf 79' lang='lat' dir='ltr'><strong>neglexerit</strong></span> 
     </span>
     <span class='ocr_line' id='line_1_40' title="bbox 209 4353 1268 4430; baseline 0.004 -18"><span class='ocrx_word' id='word_1_363' title='bbox 209 4353 240 4412; x_wconf 90' lang='lat' dir='ltr'><strong>in</strong></span> <span class='ocrx_word' id='word_1_364' title='bbox 261 4371 322 4412; x_wconf 90' lang='lat' dir='ltr'><strong>eam</strong></span> <span class='ocrx_word' id='word_1_365' title='bbox 342 4353 409 4410; x_wconf 88' lang='lat' dir='ltr'><strong>dare</strong></span> <span class='ocrx_word' id='word_1_366' title='bbox 430 4353 591 4425; x_wconf 84' lang='lat' dir='ltr'><strong>vindictam,</strong></span> <span class='ocrx_word' id='word_1_367' title='bbox 613 4360 679 4415; x_wconf 89' lang='lat' dir='ltr'><strong>tuuc</strong></span> <span class='ocrx_word' id='word_1_368' title='bbox 697 4357 785 4414; x_wconf 88' lang='lat' dir='ltr'><strong>leceat</strong></span> <span class='ocrx_word' id='word_1_369' title='bbox 799 4357 948 4428; x_wconf 87' lang='lat' dir='ltr'><strong>gastaldius</strong></span> <span class='ocrx_word' id='word_1_370' title='bbox 968 4357 1041 4430; x_wconf 88' lang='lat' dir='ltr'><strong>regis</strong></span> <span class='ocrx_word' id='word_1_371' title='bbox 1061 4364 1108 4415; x_wconf 83' lang='lat' dir='ltr'><strong>aut</strong></span> <span class='ocrx_word' id='word_1_372' title='bbox 1128 4358 1268 4416; x_wconf 81' lang='lat' dir='ltr'><strong>sculdahis</strong></span> 
     </span>
     <span class='ocr_line' id='line_1_41' title="bbox 210 4452 1265 4530; baseline 0.007 -20"><span class='ocrx_word' id='word_1_373' title='bbox 210 4452 299 4527; x_wconf 85' lang='lat' dir='ltr'><strong>ipsum</strong></span> <span class='ocrx_word' id='word_1_374' title='bbox 309 4453 345 4512; x_wconf 86' lang='lat' dir='ltr'><strong>ad</strong></span> <span class='ocrx_word' id='word_1_375' title='bbox 355 4469 468 4512; x_wconf 82' lang='lat' dir='ltr'><strong>menum</strong></span> <span class='ocrx_word' id='word_1_376' title='bbox 479 4452 552 4524; x_wconf 89' lang='lat' dir='ltr'><strong>regis</strong></span> <span class='ocrx_word' id='word_1_377' title='bbox 563 4454 672 4526; x_wconf 88' lang='lat' dir='ltr'><strong>tollere,</strong></span> <span class='ocrx_word' id='word_1_378' title='bbox 684 4463 711 4512; x_wconf 86' lang='lat' dir='ltr'><strong>et</strong></span> <span class='ocrx_word' id='word_1_379' title='bbox 718 4455 844 4528; x_wconf 82' lang='lat' dir='ltr'><strong>judicare</strong></span> <span class='ocrx_word' id='word_1_380' title='bbox 855 4457 890 4514; x_wconf 90' lang='lat' dir='ltr'><strong>de</strong></span> <span class='ocrx_word' id='word_1_381' title='bbox 898 4456 958 4529; x_wconf 87' lang='lat' dir='ltr'><strong>ipsa</strong></span> <span class='ocrx_word' id='word_1_382' title='bbox 967 4457 1042 4530; x_wconf 91' lang='lat' dir='ltr'><strong>quod</strong></span> <span class='ocrx_word' id='word_1_383' title='bbox 1053 4456 1112 4527; x_wconf 90' lang='lat' dir='ltr'><strong>regi</strong></span> <span class='ocrx_word' id='word_1_384' title='bbox 1123 4457 1265 4530; x_wconf 83' lang='lat' dir='ltr'><strong>placuerit</strong></span> 
     </span>
    </p>
   </div>
   <div class='ocr_carea' id='block_1_6' title="bbox 0 0 1528 5130">
    <p class='ocr_par' dir='ltr' id='par_1_10' title="bbox 0 0 1528 5130">
     <span class='ocr_line' id='line_1_42' title="bbox 0 0 1528 5130; baseline 0 0"><span class='ocrx_word' id='word_1_385' title='bbox 0 0 1528 5130; x_wconf 95' lang='lat' dir='ltr'><strong> </strong></span> 
     </span>
    </p>
   </div>
  </div>
 </body>
</html>
