3022 5144
288 463 327 524 to

285 657 416 722 quorum
441 638 546 720 viginti
571 636 671 718 capita
696 634 781 720 (vecti
804 639 868 716 capi
887 639 917 697 di
938 638 1072 714 tepocme,
1100 637 1143 699 uti
1168 646 1198 698 et
1222 635 1293 721 nos)

285 753 444 814 solvantur
467 751 563 814 altera
586 769 643 831 pro
667 750 772 812 alteris
796 751 834 812 ad
859 749 1040 814 tremissem.

372 863 544 926 armaturae
575 883 639 924 cero
669 874 695 924 et
723 865 880 924 brachiolos
913 865 1036 942 quinque
1059 873 1209 943 ponuntur
1238 883 1295 943 pro

285 999 342 1039 uuo
370 980 501 1038 euterio.
532 976 707 1038 Idiotismus
741 976 779 1036 ab
817 976 933 1057 optima
964 995 1042 1037 voce
1072 986 1292 1048 armamentum,

285 1111 366 1172 quae
389 1089 475 1151 bisce
498 1089 530 1150 in
554 1087 704 1151 adiunctis
727 1089 810 1150 idem
836 1089 947 1151 refert:
980 1089 1023 1150 sio
1056 1090 1138 1170 apud
1162 1088 1294 1150 Plinium

286 1199 395 1286 (xvlt
421 1203 478 1280 35)
502 1201 634 1283 legimus
657 1204 805 1262 cicestrum
826 1211 1091 1282 armamento-pro
1120 1200 1209 1282 palis'
1225 1201 1294 1282 qui·

286 1315 342 1375 bus
364 1311 532 1376 biloiuntur
554 1313 641 1378 vites.
694 1313 879 1374 oracutum
907 1313 957 1374 bic
981 1322 1027 1375 est
1051 1332 1107 1394 pro
1132 1312 1291 1393 capreolo,

286 1426 378 1508 vulgo
406 1437 529 1486 mertone
560 1426 610 1487 vel
633 1443 734 1499 cazze,
776 1425 950 1508 legiturque
987 1427 1069 1507 apud
1100 1425 1294 1507 Ducaugium

286 1521 419 1602 adducto
448 1539 516 1600 loco
546 1538 709 1601 Rolandini
741 1538 890 1616 Patavini.
940 1537 1181 1630 Intelligendum
1221 1555 1295 1597 vero

288 1661 346 1726 est,
386 1653 418 1713 in
449 1653 558 1734 quovis
589 1658 781 1714 armamento
814 1671 909 1713 unum
940 1659 1106 1713 transtrum
1140 1645 1294 1731 (mutuus)

289 1765 473 1846 aequiprare
496 1764 631 1845 pretium
653 1763 792 1856 reliquae
820 1763 1050 1828 materiatiouis.

482 2113 539 2179 lll.
575 2112 623 2178 De
651 2135 810 2180 annonam
837 2113 1075 2180 oomaoluorum.

264 2313 269 2326 ’
374 2325 478 2390 CLIX.
529 2325 620 2384 Tollot
654 2327 785 2402 mopistri
821 2345 964 2386 olumnam
988 2345 1042 2405 per
1075 2328 1200 2387 tremisse
1236 2343 1293 2385 uno

286 2440 381 2516 sepulc
401 2439 497 2498 modio
517 2439 585 2510 trio,
611 2437 692 2498 lardo
716 2438 803 2498 libras
826 2441 928 2510 decem,
954 2440 1019 2498 eino
1042 2457 1118 2500 urna
1140 2458 1219 2517 uec,
1255 2441 1293 2496 lc—

287 2569 388 2626 pwmco
410 2552 539 2610 sectatio
562 2560 708 2629 quattuor,
732 2553 789 2610 sole
811 2554 938 2612 sextario
959 2571 1028 2623 utto,
1054 2561 1079 2610 ct
1102 2554 1134 2612 io
1155 2554 1295 2612 mercedes

288 2681 354 2752 suus
375 2673 490 2742 repetet.
537 2663 690 2727 Particula
714 2663 798 2725 nulla
822 2662 1033 2745 explicatione
1057 2683 1180 2744 egens:

655 2998 709 3066 lV.
746 2998 794 3064 De
823 2999 938 3089 Opera.

378 3219 467 3294 cix:
514 3217 633 3280 Titulus
655 3219 698 3278 De
720 3237 806 3298 opera
828 3219 1010 3282 referendus
1039 3230 1086 3283 est
1109 3222 1148 3283 ad
1172 3240 1295 3283 omnem

291 3331 364 3392 tecti
387 3330 652 3399 materiationem,
688 3331 731 3392 uti
759 3351 799 3393 ex
822 3331 915 3394 rebus
938 3331 1066 3394 inferius
1091 3332 1296 3414 producendis

291 3442 439 3523 liquebit:
474 3443 549 3504 tanti
579 3443 661 3504 enim
692 3443 806 3526 negotii
830 3463 869 3506 ne
894 3445 1022 3506 verbum
1046 3446 1173 3526 quidem
1195 3446 1227 3506 iu
1251 3445 1296 3506 le-

290 3555 379 3636 gibus
412 3554 539 3628 nostris‚
572 3563 603 3616 et
633 3575 694 3617 uno
722 3555 781 3618 boc
812 3556 903 3626 modo
932 3556 986 3618 lux
1019 3559 1176 3639 quaedam
1194 3565 1297 3639 potest

290 3667 472 3729 illucescere
495 3667 614 3748 primae
638 3667 728 3729 buius
753 3668 879 3749 capituli
903 3669 1082 3750 particulae.

380 3779 515 3840 Similiter
536 3799 701 3840 romauerue
723 3782 748 3840 si
768 3783 880 3860 fecerit.
908 3785 948 3842 cic
969 3792 1077 3862 repetet
1100 3783 1172 3842 dcet
1193 3783 1297 3858 pellica

291 3911 394 3973 opera,
424 3894 498 3952 mille
520 3895 685 3971 perlucentes
703 3896 788 3972 pedes
809 3896 841 3953 iu
863 3897 966 3955 solidos
989 3915 1055 3960 meo.
1102 3892 1295 3956 Vocabulum

290 4025 455 4066 roumoeose
478 4004 664 4067 adiectirum
687 4013 735 4066 est
756 4007 832 4078 tecti,
859 4005 1157 4089 intelligendumque
1182 4013 1296 4068 tectum

293 4136 420 4179 romano
453 4137 538 4180 more
569 4125 715 4180 structum
752 4115 884 4201 (scilicet
916 4139 955 4180 ex
987 4117 1098 4201 tegulis
1134 4117 1234 4198 planis
1267 4124 1298 4178 et

210 4249 214 4266 ·
292 4229 452 4302 testaceis,
484 4251 540 4311 pro
573 4229 753 4292 nostratium
784 4231 912 4314 antiqua
942 4239 972 4294 et
994 4231 1145 4294 hodierna
1168 4247 1297 4294 eonsue-
