3048 5130
555 521 693 568 aarum
717 515 940 570 carm-aea
1223 497 1267 564 dd

293 675 384 734 280·
405 671 458 748 (Dc
476 676 612 746 nondpio
632 669 757 746 menso.)
800 671 830 729 Si
857 669 920 745 quis
940 667 1135 744 conparaverit
1163 668 1268 727 manci·

214 774 272 847 pio,
294 780 323 830 et
343 779 439 846 postea
458 772 584 828 lebrosus
605 777 652 830 aut
671 770 851 829 demoniosus
871 769 1041 843 apparuerit,
1063 775 1130 827 tunc
1149 767 1270 825 vinditor

214 875 237 929 si
259 873 381 945 pulsatus
410 869 493 927 luerit
516 876 627 943 preveat
654 875 860 941 sagramentum
879 867 1023 942 singulus,
1055 867 1132 942 quod
1152 865 1182 924 in
1203 880 1270 923 cou-

213 971 358 1028 scientiam
383 969 442 1042 ejus
467 968 502 1024 de
531 968 620 1040 ipsam
646 967 836 1026 infirmitatem
865 983 923 1024 non
950 965 1040 1024 fuissit
1067 964 1181 1041 quamn
1206 980 1271 1022 earm

214 1068 349 1137 vindedit,
371 1065 537 1140 etamplius
558 1081 615 1122 non
636 1065 830 1123 calumnietur.

294 1167 377 1222 eal.
398 1162 454 1238 (De
474 1165 576 1221 annun
596 1161 769 1238 coeperam.)
794 1162 825 1220 Si
847 1161 909 1236 quis
930 1160 1121 1234 conparaverit
1141 1160 1271 1218 ancillans

215 1263 345 1332 alienam,
367 1267 395 1320 et
412 1268 509 1335 postea
530 1261 636 1318 venerit
656 1262 727 1317 alter
746 1260 832 1317 homo
854 1259 902 1334 qui
923 1276 984 1319 eam
1007 1275 1083 1317 suam
1104 1259 1178 1317 dicat
1197 1273 1269 1328 esse,

214 1366 353 1418 revertant
372 1359 476 1433 pariter
495 1359 531 1416 ad
552 1365 702 1418 auctorem.
723 1359 804 1416 Tunc
825 1365 923 1416 auctor
942 1358 964 1414 si
986 1357 1130 1428 vindigare
1147 1374 1204 1414 non
1222 1371 1273 1429 po·

217 1459 317 1528 tuerit,
349 1464 460 1530 preveat
479 1463 685 1528 sagramentum
707 1457 784 1530 quod
804 1456 934 1513 conscius
954 1472 1012 1511 non
1034 1456 1068 1513 sit
1089 1455 1197 1524 iraudi,
1221 1471 1273 1512 nec

216 1557 294 1613 nullo
314 1554 447 1612 conludio
468 1552 586 1624 fecissit,
618 1560 647 1611 et
667 1553 766 1610 reddat
790 1553 932 1626 praecium
960 1559 1066 1610 tantum
1087 1551 1271 1627 quantumin

216 1655 278 1711 diae
300 1653 347 1710 illa
368 1652 480 1726 quando
501 1669 563 1708 eam
583 1651 702 1708 tradedit
723 1650 839 1724 aceepit,
862 1657 890 1708 et
905 1650 1035 1708 ancillam
1052 1651 1140 1724 ipsam
1158 1649 1272 1725 proprio

216 1751 333 1809 domino
354 1750 522 1807 restituatur.
546 1748 625 1807 Etsi
645 1749 746 1806 ancilla
768 1747 828 1821 ipsa
848 1755 911 1822 post
932 1754 1058 1821 tempore
1077 1749 1152 1806 lilius
1164 1748 1271 1820 lecerit,

215 1856 282 1906 tunc
302 1849 349 1906 ille
368 1847 416 1922 qui
437 1862 499 1904 eam
520 1846 596 1918 prius
616 1845 751 1910 vindedit‚
775 1853 803 1902 et
823 1845 964 1904 vindicare
986 1863 1043 1902 non
1064 1846 1182 1919 poterit,
1204 1863 1273 1919 qua·

217 1948 279 2004 liter
308 1948 360 2004 scit
384 1945 458 2002 lilius
486 1945 561 2016 ipsus
582 1959 632 2016 per
658 1960 708 2000 suo
729 1943 878 2016 dispendio
899 1943 1075 2016 reconparit,
1104 1951 1132 2000 et
1156 1943 1272 2017 proprio

216 2045 332 2101 domino
343 2043 472 2110 retradat,
485 2043 614 2114 quatinus
622 2041 673 2098 lilii
683 2041 778 2098 matris
788 2047 947 2114 sequantur.
963 2041 1000 2097 Et
1011 2039 1033 2097 si
1043 2048 1139 2098 auctor
1148 2047 1273 2100 mortuos

216 2143 300 2200 luerit
319 2141 380 2198 sine
400 2139 510 2196 heredis
526 2140 683 2210 legetimus,
706 2145 735 2195 et
754 2139 871 2210 lagultas
891 2138 977 2211 ipsius
989 2138 1095 2196 auctori
1105 2137 1146 2196 'ad
1167 2147 1273 2198 curtem

217 2239 291 2311 regis
311 2235 459 2306 accederit,
482 2237 556 2294 nulla
576 2236 611 2293 sit
628 2235 769 2309 repetitio,
791 2235 832 2293 sic
853 2242 945 2293 tamnu
967 2243 997 2292 ut
1012 2235 1054 2293 dit
1068 2245 1272 2308 sagramentu-

217 2337 293 2411 quod
315 2337 350 2393 de
370 2336 461 2409 ipsum
475 2334 655 2406 conparassit,
678 2333 756 2405 cujus
776 2349 820 2389 res
841 2333 876 2391 ad
893 2333 1083 2405 curtemregis
1103 2335 1272 2396 ceciderunt.

297 2437 381 2492 m.
405 2432 457 2507 (De
477 2433 579 2489 ooodln
600 2429 771 2504 conparato.)
813 2430 842 2487 Si
873 2430 936 2504 quis
963 2432 1098 2490 cavallum
1119 2434 1218 2490 emerit
1245 2440 1274 2491 et

218 2538 359 2590 auctorem
379 2529 556 2602 ignoraverit,
580 2536 608 2586 et
621 2527 728 2586 venerit
746 2534 838 2586 certus
858 2529 944 2587 homo
965 2529 1012 2601 qui
1032 2530 1121 2602 ipsum
1139 2533 1273 2589 cavallum

190 2697 194 2704 ¹
219 2646 298 2686 suum
319 2629 402 2699 dicat,
425 2634 491 2684 tunc
510 2626 558 2683 ille
577 2626 626 2699 qui
647 2626 723 2695 emit,
744 2625 816 2682 sicut
835 2625 977 2690 dixemus.
1010 2627 1031 2683 si
1053 2633 1193 2686 auctorem
1214 2646 1272 2687 non

218 2726 363 2797 habuerit,
396 2741 447 2782 nec
475 2725 527 2782 scit
546 2725 581 2780 de
601 2739 685 2796 quem
710 2723 901 2796 conparauit:
931 2732 1042 2797 preveat
1070 2735 1273 2784 sacramentum

218 2832 327 2898 emptor
347 2823 412 2896 quia
432 2839 484 2880 nec
505 2821 603 2878 lur'sir
623 2837 675 2878 nec
696 2823 797 2892 colliga
819 2821 922 2892 iurooi,
946 2823 998 2878 nisi
1020 2822 1190 2896 simpleciter
1209 2839 1273 2882 cum

219 2922 308 2996 pretio
338 2938 389 2978 suo
409 2921 598 2994 conparassit3
630 2924 658 2977 et
686 2920 801 2994 insuper
830 2920 914 2978 addat
943 2921 972 2977 in
1003 2921 1064 2993 ipso
1085 2929 1271 2993 sagramento,
1326 2951 1327 2954 ¹

219 3019 240 3077 si
261 3035 376 3093 quoquo
397 3026 522 3092 tempore
542 3024 682 3076 auctorem
703 3017 850 3087 invenerit,
872 3032 930 3074 nou
952 3033 1062 3090 negare.
1105 3018 1185 3076 Tunc
1212 3025 1275 3094 poet

219 3117 333 3191 prestito
354 3123 557 3190 sagramentum
583 3116 681 3174 reddat
708 3117 861 3187 cavallum,
894 3124 922 3173 et
951 3115 987 3172 sit
1015 3115 1068 3172 silai
1090 3123 1272 3190 contemptus.

219 3214 269 3273 llle
290 3222 382 3272 autem
402 3215 450 3289 qui
470 3230 500 3271 se
521 3214 649 3287 proprius
671 3213 801 3270 dominns
822 3213 890 3272 dicit
909 3229 986 3282 esse,
1019 3214 1070 3270 sub
1095 3213 1142 3271 tali
1163 3214 1273 3272 titulum

218 3329 283 3370 eum
303 3314 392 3382 tollat,
414 3319 445 3368 ut
463 3311 486 3370 si
507 3312 650 3384 cognitum
670 3311 760 3387 luerit,
773 3311 849 3385 quod
864 3312 968 3369 malum
989 3310 1088 3369 ordine
1101 3311 1271 3385 vindicassit,

220 3416 248 3468 et
267 3412 335 3468 alter
355 3418 446 3466 certus
465 3417 561 3467 auctor
579 3409 687 3468 venerit
714 3409 762 3484 qui
783 3425 863 3467 suum
885 3409 975 3466 lacere
996 3409 1083 3482 possit
1102 3409 1163 3484 ipse
1183 3411 1274 3470 caval·

220 3509 272 3575 lus,
295 3508 348 3566 sibi
369 3523 477 3564 nonum
497 3507 523 3564 ei
543 3508 704 3566 reddantur.

299 3608 386 3666 m.
407 3602 451 3679 (St
470 3607 531 3677 quta
551 3607 585 3662 de
603 3622 679 3662 seruo
699 3601 908 3678 conparaverit)
950 3603 1051 3661 Servus
1076 3604 1274 3680 cujuscumque

221 3721 278 3762 non
299 3704 381 3762 liceat
401 3702 461 3760 sina
473 3702 656 3775 permissione
669 3703 775 3760 domini
796 3701 839 3760 sui
860 3717 952 3774 neque
968 3708 1070 3759 terram
1086 3719 1177 3777 neque
1196 3718 1275 3761 man-

221 3803 294 3876 cipia
320 3817 411 3874 nequa
439 3802 667 3874 qualemcumque
696 3816 756 3857 rem
776 3800 891 3857 vindere
915 3806 963 3856 aut
982 3799 1101 3859 liberum
1121 3800 1271 3860 dimittere.

221 3899 251 3958 Si
273 3899 334 3974 quis
355 3899 489 3956 deservo
510 3898 711 3972 conparaverit,
734 3907 763 3956 et
781 3898 920 3972 praetium
939 3898 1055 3972 perdat,
1087 3906 1115 3956 et
1134 3899 1211 3973 quod
1237 3899 1274 3958 de

220 4012 299 4056 servo
320 3996 387 4055 emit
406 3995 520 4069 proprio
541 3995 657 4053 domino
677 3996 819 4057 reddatur.

236 4139 243 4159 .
300 4096 387 4152 iu·
408 4089 460 4169 (De
478 4110 555 4150 cerro
573 4092 731 4168 morio.)
766 4093 867 4152 Servus
894 4092 1040 4152 mnsanm
1065 4091 1206 4151 licentiam
1226 4092 1275 4151 lra-

221 4192 286 4251 beat
304 4191 340 4248 de
352 4191 455 4265 piculic
476 4207 537 4262 suo,
559 4191 589 4247 id
608 4197 650 4248 eat
667 4191 749 4261 bove,
772 4207 864 4262 vacca,
886 4192 1001 4262 cavallo,
1023 4190 1106 4248 simul
1127 4196 1156 4246 et
1174 4190 1210 4247 de
1224 4191 1277 4248 mi·

222 4294 289 4346 nuto
310 4289 432 4363 peculio,
455 4287 571 4344 insocio
589 4289 656 4346 dare
672 4296 719 4346 aut
739 4289 768 4345 in
789 4288 867 4346 socio
882 4304 1031 4361 receperea
1050 4286 1164 4346 vindere
1183 4293 1276 4348 annm

222 4403 291 4454 non,
314 4387 367 4444 nisi
389 4385 464 4460 quod
485 4401 536 4458 pro
551 4386 696 4444 utilitatem
711 4402 791 4444 casae
806 4385 893 4460 ipsius
908 4393 960 4458 eet,
982 4385 1113 4460 quatinus
1129 4401 1193 4444 casa
1211 4403 1278 4462 pro-

222 4483 306 4556 flclat,
329 4500 394 4542 nam
414 4499 472 4540 non
493 4483 632 4558 depereat
