3048 5130
243 367 288 432 68
425 401 429 409 ,
626 391 813 438 neumarum
834 392 926 438 mors

322 539 385 616 (V.)
417 543 479 600 0⁸.
521 540 551 598 Si
577 541 638 614 quis
666 503 783 600 servum
800 549 847 599 aut
873 542 1002 600 ancillam
1030 559 1107 601 suam
1133 544 1162 601 in
1184 543 1299 602 ecclesia

241 640 313 698 circa
335 642 419 698 altare
441 641 543 697 amodo
564 641 684 699 liberum
704 643 746 698 vel
769 641 886 699 liberam
907 641 1059 712 dimiserit,
1082 643 1166 700 sicel
1189 650 1301 700 maneat

241 740 365 806 libertas,
389 739 459 796 sicut
478 739 520 796 illi
542 741 590 812 qui
612 740 721 797 lullreal
743 740 771 796 in
787 747 884 814 quarta
904 757 1001 800 manus
1020 742 1135 798 traditus
1153 747 1181 799 el
1196 733 1299 799 emund

241 844 328 902 lactus
349 848 399 900 est.
431 841 510 898 Nam·
523 839 570 914 qui
593 840 705 897 aldione
728 839 818 898 lacere
840 841 973 908 voluerit,
1005 857 1062 897 non
1084 857 1147 898 cnm
1168 843 1250 900 ducat
1270 843 1299 898 in

240 943 368 1011 ecclesia,
391 941 444 999 uisi
466 940 521 997 aiio
542 940 628 995 modo
651 939 732 997 iaciat
753 939 872 1011 qualiter
892 939 1021 1008 uoluerit,
1044 939 1098 996 sibi
1119 956 1169 1015 per
1183 943 1297 1011 cartola,

240 1040 292 1098 sibi
314 1041 433 1113 qualiter
454 1039 478 1095 el
500 1037 643 1111 placuerit.

320 1135 391 1212 (Π.)
413 1139 474 1194 Μ.
497 1136 527 1192 Sl
548 1135 651 1192 mulier
670 1135 758 1192 libera
780 1151 889 1191 servum
910 1135 1018 1204 tolerit,
1041 1142 1069 1190 et
1089 1143 1219 1202 parentes
1241 1136 1300 1209 ejus

239 1237 312 1292 iutra
333 1235 399 1293 anni
413 1233 532 1306 spatium
543 1233 573 1289 in
586 1251 619 1290 ea
634 1213 756 1289 vindicta
775 1233 841 1290 dare
858 1232 1014 1303 neglexerit
1026 1233 1097 1290 sicut
1117 1234 1146 1289 iu
1160 1233 1299 1290 anteriore

239 1334 338 1391 Edicto
359 1331 501 1396 contenit,
533 1338 618 1400 tunc,
641 1332 876 1404 quandocumque
898 1315 1071 1403 post'ipsum
1091 1331 1159 1388 anni
1180 1331 1299 1404 spatium

239 1432 352 1504 inventa
373 1430 466 1500 luerit,
489 1429 525 1484 sit
544 1428 645 1486 ancilla
666 1429 772 1502 palatii,
796 1429 902 1501 etipse
923 1445 1016 1484 servus
1037 1429 1073 1485 ad
1094 1430 1235 1504 puplicum
1256 1447 1300 1486 re·

239 1532 379 1603 placetur,
412 1535 440 1585 et
468 1526 518 1584 filii
548 1527 597 1600 qui
625 1545 659 1583 ex
685 1527 724 1583 cis
746 1526 803 1583 nati
832 1526 942 1582 luerent
962 1527 1046 1584 curtis
1067 1528 1160 1598 regiae
1182 1528 1298 1586 omnino

239 1628 406 1685 deserviant.
447 1626 517 1682 Nam
546 1625 568 1680 si
596 1624 718 1697 parentis
748 1623 833 1696 ipsius
862 1625 986 1681 mulieris
1015 1625 1055 1704 vel
1077 1626 1207 1684 dominus
1228 1625 1298 1684 servi

238 1726 437 1798 conpleverent
467 1724 541 1780 intra
570 1721 787 1794 suprascriptum
823 1722 890 1780 anni
921 1723 1040 1796 spatium
1070 1725 1146 1797 quod
1177 1725 1299 1781 anterior

238 1823 352 1882 Edictus
372 1822 508 1890 contenit,
532 1820 572 1876 sic
593 1826 763 1893 permaneat.

316 1918 408 1995 (VH.)
431 1919 493 1977 25.
516 1917 629 1990 Siquis
651 1933 761 1974 causam
783 1917 925 1987 hahuerit,
950 1925 978 1974 et
998 1919 1138 1976 sculdahis
1160 1936 1210 1976 suo
1232 1937 1297 1977 cau-

237 2035 295 2076 sam
317 2034 394 2075 suam
416 2015 530 2084 dixerit,
564 2015 671 2088 etipse
692 2015 831 2072 sculdahis
853 2015 879 2072 ei
905 2016 1041 2088 justitiam
1069 2017 1139 2074 intra
1168 2024 1299 2089 quattuor

152 2173 154 2178 ,
237 2117 296 2174 dies
317 2117 406 2173 lacere
429 2112 594 2181 neclexerit,
622 2113 644 2168 si
667 2113 749 2169 ambo
771 2120 927 2170 causatores
949 2114 983 2170 de
1004 2116 1054 2171 suh
1077 2115 1138 2188 ipso
1159 2117 1297 2173 sculdahis
1342 2139 1346 2148 ,

236 2221 311 2280 sunt,
335 2222 401 2271 tunc
422 2216 564 2284 conponat
584 2209 610 2266 ei
631 2212 680 2283 qui
701 2227 812 2267 causam
833 2227 911 2268 suam
933 2212 1090 2269 reclamavit
1111 2213 1168 2285 ipse
1190 2214 1298 2270 sculda-

236 2313 278 2369 his
300 2311 405 2368 soiidos
426 2326 544 2365 numero
567 2325 632 2373 sex,
664 2315 691 2364 et
709 2308 796 2380 judici
819 2326 869 2366 suo
891 2309 1018 2366 similiter
1037 2311 1142 2367 solidos
1163 2328 1220 2371 sex.
1261 2313 1297 2368 Et

236 2410 259 2466 si
294 2409 408 2465 lorsitan
440 2407 486 2463 ille
515 2423 597 2479 super
625 2423 708 2479 quem
742 2408 898 2464 reclamavit
928 2409 1055 2465 infirmus
1086 2415 1140 2478 est,
1170 2415 1217 2465 aut
1246 2426 1296 2480 pro

234 2506 382 2564 utilitatem
404 2522 482 2562 suam
502 2503 532 2561 in
554 2505 607 2561 alia
622 2505 760 2561 civitatem
779 2523 838 2562 esse
856 2506 988 2576 nuscitur,
1013 2507 1134 2580 expeciit
1146 2523 1208 2564 eum
1230 2508 1295 2564 dum

235 2605 381 2662 revertitur
409 2611 455 2660 aut
485 2603 519 2659 de
549 2603 709 2660 infirmitate
731 2620 779 2660 sua
806 2604 988 2670 convalisclt3
1020 2611 1048 2662 el
1069 2606 1135 2661 dum
1157 2622 1296 2676 regressus

235 2701 318 2760 luerit
337 2709 384 2758 aut
409 2702 443 2757 de
464 2701 625 2757 infirmitate
656 2702 844 2770 convaluerit,
876 2703 899 2758 si
928 2703 999 2760 intra
1026 2710 1141 2760 statutos
1168 2710 1297 2777 quattuor

234 2802 293 2857 dies
315 2801 437 2857 menime
459 2798 578 2856 eumad
603 2799 737 2871 justitiam
759 2798 918 2856 iaciendum
942 2799 1131 2871 distrinxerit,
1155 2807 1297 2875 conponat

234 2900 294 2972 ipse
315 2897 466 2966 sculdahis,
489 2897 560 2953 sicut
577 2897 634 2968 J'am
657 2896 834 2963 dictumest,
858 2883 935 2970 cujus
957 2914 1037 2955 causa
1059 2905 1101 2955 est
1119 2899 1224 2956 solidos
1246 2916 1296 2954 nn·

234 3014 312 3056 mero
334 3013 399 3065 sex,
432 3001 460 3051 et
476 2993 563 3067 judici
586 3006 636 3051 suo
658 2993 764 3050 solidos
785 3011 841 3054 sex.
874 2996 903 3053 Si
932 3013 996 3051 vero
1019 2995 1080 3052 talis
1101 3013 1180 3054 causa
1203 2996 1293 3066 luerit,

234 3097 311 3168 quod
331 3095 390 3166 ipsc
408 3092 549 3150 sculdahis
562 3092 717 3148 deliberare
734 3094 855 3152 menime
878 3093 974 3167 possit,
999 3093 1106 3164 diregat
1124 3095 1219 3151 ambas
1234 3110 1297 3166 par·

234 3199 275 3250 tes
295 3194 330 3250 ad
348 3191 472 3264 judicem
493 3207 590 3256 suum;
614 3198 641 3247 et
661 3190 686 3247 si
702 3191 788 3262 J'udcx
810 3192 868 3265 ejus
889 3208 999 3248 causam
1020 3191 1108 3264 ipsam
1129 3191 1292 3260 dilataverit,

233 3297 261 3347 el
281 3291 353 3347 intra
375 3307 423 3348 sex
445 3289 504 3345 dies
524 3289 598 3346 inter
619 3305 666 3344 eos
688 3291 849 3361 perlegam
871 3307 928 3346 non
947 3290 1129 3363 judicaverit,
1154 3295 1297 3362 conponat

233 3388 273 3445 llli
302 3388 350 3460 qui
378 3386 538 3444 reclamavit
567 3385 673 3445 solidos
695 3404 811 3444 numero
833 3388 990 3446 duodicem.
1032 3389 1068 3444 Et
1095 3387 1117 3445 si
1139 3405 1190 3445 nec
1208 3388 1295 3462 judex

232 3485 291 3557 ipse
310 3467 466 3542 deliberare
489 3501 546 3541 nou
568 3484 703 3556 potuerit,
728 3486 835 3556 diregat
855 3486 926 3541 intra
948 3484 1097 3543 duodicem
1119 3486 1178 3542 dies
1199 3486 1294 3542 ambas

232 3589 323 3655 partes
343 3583 373 3640 ln
387 3582 528 3656 presentia
549 3582 642 3652 regis;
666 3600 730 3642 nam
748 3585 771 3642 si
788 3583 868 3641 aliter
883 3583 980 3641 lecerit
991 3583 1049 3657 lpse
1063 3584 1161 3656 judex,
1184 3584 1294 3640 etintra

232 3681 380 3738 duodicem
402 3681 471 3749 dies,
496 3689 526 3736 ut
550 3680 734 3751 dictumest,
763 3683 898 3754 justitiam
921 3698 978 3738 non
1000 3681 1139 3738 invenerit
1160 3681 1207 3754 qui
1229 3698 1294 3755 pro-

232 3779 377 3848 clamavit,
410 3787 476 3836 tune
503 3787 646 3852 conponat
675 3780 700 3836 ei
730 3780 790 3853 ipse
813 3783 899 3854 J‘udex
928 3781 1033 3838 solidos
1055 3797 1171 3837 numero
1192 3796 1244 3851 ιιι,
1267 3787 1294 3836 et

231 3877 289 3948 regi
312 3877 346 3934 sit
367 3877 516 3950 culpavells
538 3877 643 3933 solidos
660 3893 708 3935 xx.

310 3973 500 4049 (tritten.
532 3974 561 4030 Si
584 3974 712 4031 homenis
732 3975 768 4031 de
789 3975 841 4031 sub
863 3992 919 4032 uno
937 3977 1043 4049 judice,
1066 3976 1102 4032 de
1123 3976 1232 4033 duohus
1254 3981 1294 4033 ta·

229 4089 293 4132 men
316 4074 467 4137 sculdahis.
491 4089 601 4130 causam
624 4073 762 4141 hahuerit,
786 4072 833 4129 ille
855 4073 900 4146 qui
919 4076 1008 4146 pulsat
1028 4073 1109 4130 vadat
1129 4091 1192 4131 cum
1206 4073 1291 4130 misso

227 4177 274 4228 aut
304 4171 421 4245 epistola
452 4173 486 4230 de
518 4187 569 4228 suo
590 4170 730 4228 sculdahis
759 4170 793 4228 ad
815 4171 895 4227 illum
916 4172 1002 4229 alium
1022 4171 1161 4228 sculdahis
1183 4171 1217 4228 de
1239 4169 1290 4226 suh

228 4285 312 4341 quem
333 4271 393 4343 ipse
415 4276 455 4326 cst
475 4287 538 4328 cum
560 4285 615 4342 quo
636 4285 747 4326 causam
768 4268 865 4335 hahit3
897 4270 966 4328 etsi
987 4270 1059 4326 intra
1081 4276 1210 4342 quattuor
1230 4268 1291 4324 dies

227 4367 349 4424 menime
367 4368 501 4441 justitiam
523 4368 629 4434 lecerit,
652 4375 794 4442 conponat
813 4368 873 4440 ipse
894 4367 1033 4426 sculdahis
1054 4367 1102 4440 qui
1124 4366 1290 4438 distringere
