3022 5144
263 506 306 570 90
471 577 478 600 ⁸
644 527 829 572 ereremum
852 527 944 574 nuere

336 674 412 730 llaec
431 684 520 733 nmen
540 679 652 747 munio,
682 694 751 748 qssne
779 680 859 734 medo
888 680 919 734 in
946 687 1068 751 presente
1086 679 1180 736 Edisti
1206 697 1316 752 corpore

258 776 423 844 miscemus,
451 777 476 829 si
503 777 625 846 deinceps
646 792 728 831 causo
749 778 884 832 merserit
905 779 943 832 sic
963 780 1057 833 deocot
1076 780 1136 848 fieri
1157 781 1314 845 terminate,

257 873 325 926 sicud
345 888 417 926 nuuc
437 880 552 928 statuere
572 875 624 927 oisi
644 890 751 937 sumus,·
781 890 850 944 quac
872 882 961 930 nutem
987 883 1068 930 antec
1088 881 1250 930 emerserunt
1269 877 1317 954 sic

259 971 480 1033 detemniuentur,
501 971 570 1025 sicut
590 972 712 1026 ememor
731 973 867 1027 institutio
885 973 948 1068 suit.

608 1109 737 1150 exettctr
758 1111 795 1150 titt
817 1110 890 1151 tutto
912 1111 955 1152 tt.

498 1293 688 1346 tumultun
708 1295 801 1346 tutto
821 1295 1076 1350 snxrootscmw.

479 1420 613 1484 (Kalendis
647 1424 759 1479 merttts,
794 1434 861 1472 anuo
893 1419 1096 1486 occxxvltt.)

586 1543 777 1606 VOLUMEN
804 1544 992 1608 unctulum.

333 1687 459 1743 Pluribus
480 1689 542 1759 jum
571 1689 680 1758 quidem
706 1689 810 1744 cicitur
837 1690 867 1743 in
895 1669 1008 1758 antiquo
1029 1687 1120 1743 Edisti
1146 1664 1257 1759 corporo
1283 1705 1315 1743 eo

254 1787 401 1858 odjunpere
421 1789 591 1852 curavimus,
623 1802 693 1857 quoe
717 1803 768 1856 pro
799 1788 885 1842 solute
912 1789 1021 1842 animos
1048 1794 1072 1841 et
1098 1787 1187 1855 pontis
1206 1793 1316 1840 nostroe

254 1885 403 1940 sulcatione
424 1901 477 1938 esso
495 1885 688 1954 prospeximus.
709 1881 789 1939 Nunc
810 1885 877 1951 olio,
901 1899 970 1954 quoe
990 1883 1073 1938 simili
1084 1885 1175 1949 modo,
1198 1899 1230 1937 eo
1251 1899 1314 1936 cou-

254 1983 413 2048 sideroutes,
436 1982 582 2036 secundum
602 1979 689 2036 Deum
708 1989 778 2035 recte
798 1997 851 2035 esse
873 1983 1053 2052 copnooimus,
1077 1988 1106 2036 ut
1125 1997 1174 2035 nec
1193 1981 1315 2050 perjurio

252 2096 301 2134 nec
320 2081 417 2152 jurpia
447 2081 518 2133 inter
547 2085 652 2133 nostros
674 2086 811 2148 emerpont
831 2079 937 2147 fideles,
963 2080 1150 2148 praecidentes
1178 2093 1235 2132 uno
1255 2093 1315 2132 eum

254 2179 353 2231 nostris
378 2177 518 2247 judicibus
547 2184 626 2245 utque
652 2177 775 2245 fidelibus
804 2175 1013 2246 lonpodordis,
1043 2184 1068 2231 et
1094 2177 1174 2230 modo
1196 2176 1315 2245 presenti

254 2282 378 2344 tempore,
403 2275 448 2328 die
468 2274 647 2329 kalendorum
666 2275 839 2336 mertiorum,
864 2290 947 2337 anno,
972 2269 1129 2329 ottutsto
1148 2279 1310 2343 proteqmte,

253 2373 330 2441 requi
350 2373 437 2426 nostri
457 2387 520 2438 xri,
554 2371 703 2426 indictione
722 2373 884 2438 undecimo,
915 2361 1013 2426 iterum
1034 2371 1199 2441 odjuuperc:
1227 2367 1314 2425 Deum

253 2471 409 2524 invocamus
429 2476 532 2536 testem,
556 2486 612 2524 non
631 2487 681 2540 pro
703 2472 797 2540 aliquo
816 2486 890 2524 oona
910 2469 999 2540 plocio
1019 2475 1066 2524 out
1087 2469 1167 2524 mode
1194 2469 1313 2523 lsumono

228 2568 435 2637 «querendum,
468 2569 517 2622 sed
536 2565 590 2621 Dei
610 2569 786 2638 omnipotenti
804 2569 951 2637 placendo,
981 2574 1004 2622 et
1033 2573 1138 2622 nostros
1167 2567 1199 2620 de
1222 2581 1315 2620 errore

254 2665 370 2719 tollendo
391 2666 532 2735 sudJ'ectos.

333 2809 386 2886 (l.)
428 2814 495 2870 eo.
533 2812 562 2868 Si
584 2812 646 2886 quis
671 2829 723 2885 pro
745 2829 856 2870 caussam
877 2830 955 2870 suam
976 2813 1082 2887 aliquid
1099 2812 1188 2885 judici
1209 2818 1257 2869 aut
1276 2812 1310 2869 ad

254 2911 484 2984 qualemcumque
512 2910 683 2982 locopositus
710 2912 751 2966 rel
774 2910 864 2966 fidelis
891 2911 950 2982 regi
972 2912 1094 2982 dederit,
1127 2916 1155 2966 et
1174 2909 1311 2966 viventem

252 3025 316 3064 eum
337 3007 497 3081 requisierit
518 3007 637 3064 diceudo
660 3008 736 3080 quod
758 3007 907 3065 liberatum
934 3025 992 3064 nou
1018 3008 1068 3076 sit,
1099 3006 1180 3064 iaciat
1210 3006 1249 3063 illi
1267 3007 1312 3078 ju-

252 3106 354 3162 stitiam
375 3113 439 3179 post
459 3113 698 3178 quantuscumque
719 3121 808 3162 annos
826 3104 992 3178 requisierit
1021 3105 1090 3162 Nam
1111 3104 1133 3160 si
1155 3113 1217 3176 post
1238 3119 1312 3160 mor·

253 3211 308 3260 tem
329 3203 388 3276 ejus
410 3203 483 3260 lilius
504 3211 551 3260 eut
572 3203 681 3260 heredis
702 3202 862 3275 pulsaverit,
885 3203 925 3259 sio
946 3202 1100 3269 statuimus,
1125 3209 1155 3257 ut
1175 3201 1197 3258 si
1219 3201 1311 3258 viven-

252 3308 308 3358 tem
328 3309 434 3374 petrem
455 3301 574 3373 pulsarit
594 3300 794 3374 proclamando
821 3301 857 3356 ad
878 3316 991 3370 regem,
1023 3309 1070 3356 aut
1096 3299 1310 3373 conpellendum

252 3414 304 3471 per
323 3399 391 3454 tales
411 3398 540 3455 homines
561 3414 679 3471 quorum
701 3397 771 3454 tedis
787 3396 960 3465 ammittitur,
984 3402 1012 3453 et
1033 3397 1132 3454 veritas
1153 3396 1312 3470 apparuerit

251 3496 327 3568 quod
349 3495 466 3566 pulsarit
486 3503 514 3551 et
530 3495 665 3567 justitiam
688 3495 813 3551 iuvenire
835 3511 892 3550 nou
920 3494 1020 3566 potuit,
1043 3493 1126 3550 iaciat
1145 3493 1171 3550 ei
1193 3493 1243 3551 lilii
1264 3500 1311 3549 aut

251 3591 367 3648 heredes
384 3591 519 3663 justitiam
539 3592 612 3648 sicut
631 3594 676 3648 lex
691 3599 743 3660 est,
765 3592 788 3648 si
809 3591 882 3647 intra
896 3591 963 3648 suni
976 3591 1095 3663 spatium
1112 3601 1175 3664 post
1192 3599 1310 3648 mortem

253 3689 400 3762 patrissui
422 3689 620 3762 repetitionem
641 3705 718 3746 suam
741 3690 888 3746 ostendere
916 3689 1055 3762 potuerim
1087 3707 1150 3746 nam
1177 3689 1201 3745 si
1231 3705 1310 3746 suem

251 3787 477 3844 reclamationem
493 3787 641 3843 ostendere
660 3803 716 3843 nou
728 3787 860 3859 potuerit,
883 3793 911 3843 et
925 3787 991 3844 anui
1009 3787 1128 3860 spatium
1139 3787 1307 3859 preterierit,

252 3885 375 3942 eetiemsi
397 3884 527 3959 pulsessit
547 3901 604 3940 nou
626 3885 727 3942 habeat
757 3884 916 3956 legundiem
939 3885 1011 3942 lilius
1038 3893 1086 3942 eut
1106 3884 1208 3945 heretis
1228 3899 1309 3958 repe-

252 3984 353 4048 tendo,
378 3983 430 4040 nisi
451 3982 487 4040 sit
506 3981 559 4039 sibi
581 3988 774 4054 contemptus:
798 3982 863 4061 quia
885 3982 968 4039 etde
990 3983 1078 4040 wedia
1099 3989 1126 4037 et
1147 3982 1308 4056 fidejussore

252 4081 288 4136 de
308 4089 483 4152 sagramento
516 4081 553 4136 ite
573 4080 702 4137 Rorusm
724 4080 853 4136 decessor
876 4087 970 4137 noster
998 4079 1026 4136 iu
1049 4079 1188 4136 anteriore
1210 4080 1307 4137 Edicto

156 4249 158 4252 Ι
252 4178 292 4238 sic
312 4179 420 4249 statuit,
454 4187 483 4236 ut
513 4184 577 4253 post
608 4177 675 4234 anui
695 4177 820 4250 spacium
848 4178 924 4252 cujus
945 4193 1008 4250 pars
1030 4177 1184 4250 neglexerit
1203 4178 1335 4246 amittet=

253 4295 363 4338 causam
383 4293 479 4342 suem3
502 4276 623 4349 ideoque
646 4275 727 4332 uobis
748 4291 903 4347 congruum
924 4276 1024 4350 paruit,
1048 4275 1157 4348 etipse
1178 4275 1225 4348 qui
1246 4274 1307 4330 sine

253 4377 340 4433 wadia
360 4383 389 4432 et
408 4375 599 4448 fidejussorem
620 4373 739 4444 repetire
761 4373 868 4446 querit,
896 4380 960 4446 post
979 4373 1045 4430 anui
1067 4373 1190 4448 specium
1213 4373 1307 4428 laeuu-

253 4473 327 4531 diam
348 4490 406 4530 nou
427 4472 529 4532 hebeat
548 4471 752 4544 repedeudum.
