3022 5144
546 595 684 640 unrcruu
707 594 774 644 aar.
790 589 870 636 tta-
885 590 930 635 rsa.
1192 573 1254 670 llll

275 747 366 824 (ΧΠ.)
387 748 474 805 166.
496 746 532 803 lit
552 745 605 804 hoe
629 745 705 804 enim
720 751 885 816 statuemus,
908 750 939 801 ut
949 744 1045 802 nullus
1059 743 1146 817 judex
1160 761 1255 819 neque

183 857 271 905 autur
294 853 345 904 aut
365 845 415 920 qui
435 861 521 918 super
542 844 649 902 turonis
670 844 724 902 erit
737 850 895 901 nuscuntur
915 857 972 898 nun
989 850 1133 916 presumat
1146 835 1256 902 seruum

184 953 237 1003 aut
271 945 416 1002 aldionem
447 943 562 1001 alterius
591 942 815 1018 conprehindere
844 959 895 1015 pro
916 942 990 1000 lurtc
1017 949 1067 1000 aut
1087 925 1255 1017 alia'culpa,

182 1043 238 1100 aed
263 1042 374 1101 domini
396 1057 493 1099 eorum
514 1042 590 1114 ipsus
610 1058 704 1098 seruos
725 1041 903 1112 distringant,
927 1047 955 1096 et
974 1041 1026 1115 ipsi
1047 1041 1184 1100 rationem
1206 1060 1256 1116 pru

183 1158 290 1198 servus
311 1140 438 1208 reddant,
460 1148 554 1196 utrum
574 1139 729 1214 culpabiles
750 1140 805 1197 sint
827 1157 864 1197 au
886 1157 953 1200 nnu.
986 1140 1041 1213 lpsi
1061 1157 1127 1198 veru
1148 1141 1255 1200 domini

126 1249 128 1255 ’
184 1239 365 1310 distringant
385 1245 413 1294 et
432 1237 577 1311 inquirant
598 1251 692 1294 servus
711 1237 871 1294 suos'sicut
890 1238 943 1310 ipsi
964 1219 1068 1326 amant.

437 1352 566 1393 sanarum
586 1351 713 1394 unruruar
734 1351 903 1394 arurnnaanr
923 1352 1013 1396 naurs.

542 1556 629 1609 lutati
647 1553 908 1608 uumonluomo

420 1681 471 1743 DE
496 1679 707 1743 MERCEDES
732 1677 1032 1745 COMACINORUM.

276 1806 314 1883 (l.
336 1805 477 1881 Deraia.)
499 1805 580 1864 152.
602 1804 631 1861 Si
653 1806 710 1862 sala
726 1804 832 1870 lecerit,
857 1810 967 1877 reputet
987 1808 1094 1876 tegulas
1114 1809 1143 1867 in
1165 1814 1256 1871 solido

189 1922 253 1962 uno
278 1922 396 1962 numero
419 1904 562 1973 sexcentit
584 1902 606 1959 si
627 1902 657 1959 iu
679 1902 792 1968 solario,
816 1902 922 1972 tegulas
943 1903 1141 1977 quadringinti
1162 1909 1191 1966 in
1212 1927 1257 1966 50.

186 2005 287 2061 lidum
299 2021 387 2062 unum
398 2003 544 2060 restitum:
561 2002 628 2074 quia
642 2000 807 2073 quindecim
823 2002 929 2070 tegulas
943 2000 1040 2071 viginti
1054 2006 1140 2079 pedes
1150 2008 1256 2068 lebant.

278 2099 632 2176 (11.Damur0.)1t58.si
645 2117 709 2157 vero
718 2093 831 2158 murum
843 2101 939 2158 lecerit
949 2101 998 2176 qui
1012 2104 1146 2177 usque-ad
1156 2107 1256 2177 pedem

189 2217 287 2260 unum
308 2202 343 2260 sit
364 2217 488 2274 grossus,
512 2201 711 2275 dupplicentur
731 2202 891 2271 mercedes,
914 2208 942 2258 et
962 2217 1052 2275 usqne
1073 2203 1108 2260 ad
1129 2203 1257 2279 quinque

188 2301 283 2374 pedes
303 2284 509 2374 subquiuetur3
541 2307 569 2356 et
597 2301 633 2357 de
659 2299 721 2372 ipso
742 2316 824 2356 muro
846 2300 926 2357 radat
953 2317 1005 2373 per
1024 2300 1146 2358 solidum
1168 2316 1256 2359 unum

189 2400 284 2473 pedes
305 2398 420 2456 ducenti
440 2398 537 2470 viginti
559 2399 705 2471 quinque:
735 2398 758 2454 si
778 2414 845 2454 vero
866 2398 1003 2455 macinam
1024 2387 1187 2465 mutaverit,
1210 2400 1258 2456 det

190 2498 283 2572 pedes
311 2504 424 2554 centum
440 2496 594 2574 ¹octogiuta
630 2495 659 2553 in
688 2495 811 2576 solidum
840 2511 946 2566 unum,
985 2511 1074 2570 usque
1107 2497 1143 2554 ad
1171 2498 1256 2570 pedes

192 2597 325 2669 quinque
346 2610 468 2659 sursum,
491 2594 520 2649 in
542 2593 750 2665 longitudinem
772 2610 836 2650 vero
863 2600 905 2650 ter
925 2593 1028 2666 quinos
1048 2611 1098 2667 per
1118 2595 1255 2652 tremisse.

192 2692 333 2750 Similiter
352 2699 380 2748 et
400 2691 422 2748 si
443 2708 555 2748 murum
577 2691 762 2756 dealbaverit,
786 2691 910 2748 sexcenti
931 2690 1017 2764 pedes
1038 2691 1118 2749 vadat
1142 2709 1194 2766 per
1213 2709 1258 2748 so·

190 2790 285 2848 lidum
306 2805 404 2849 unum.
446 2790 482 2846 Et
502 2788 525 2846 si
546 2805 611 2846 cum
632 2806 696 2846 axes
722 2789 853 2848 clauserit
872 2797 900 2846 et
921 2805 1007 2863 opera
1028 2789 1127 2860 gallice
1149 2790 1255 2860 lecerit,

191 2888 274 2946 mille
295 2887 443 2962 quingenti
464 2888 549 2961 pedes
569 2887 599 2944 in
620 2887 712 2945 solido
732 2887 830 2944 uestitu
852 2887 961 2947 vadant.
981 2888 1018 2944 lit
1037 2888 1061 2945 ai
1082 2903 1178 2945 arcum
1199 2889 1258 2945 uol-

193 2986 284 3056 serit‚
317 2986 403 3059 pedes
431 2985 583 3043 duodecim
603 2985 685 3042 radat
711 2985 741 3042 in
763 2983 856 3042 solido
877 3001 945 3044 unu.
989 2984 1018 3040 Si
1040 3001 1106 3042 vern
1127 2984 1257 3043 materias
1354 3015 1356 3018 ·

193 3085 364 3156 capelaverit
382 3085 502 3158 majores
522 3083 663 3154 minores,
692 3083 782 3156 capita
803 3082 901 3153 viginti
921 3098 973 3155 per
993 3083 1138 3148 tremisset
1168 3100 1257 3140 arma·

131 3257 137 3266 ¹
193 3189 273 3240 turas
292 3199 358 3239 vero
379 3190 407 3239 et
427 3182 582 3240 brachiolas
603 3182 731 3255 quinque
752 3187 894 3254 ponantur
913 3196 965 3254 pru
987 3195 1044 3236 unu
1065 3181 1195 3238 materie.

277 3277 345 3355 (tlt.
367 3281 409 3337 De
427 3297 566 3338 numnam
587 3277 818 3352 Camunnorum.)
840 3277 925 3336 ltu.
950 3277 1042 3334 Tollat
1057 3279 1186 3350 magistri
1207 3296 1256 3336 an·

195 3395 302 3436 nonam
323 3395 373 3451 per
397 3379 522 3435 tremisse
543 3395 600 3435 uuo
622 3378 714 3449 segale
734 3375 830 3434 modia
850 3376 913 3446 tria,
936 3375 1014 3432 lardu
1035 3375 1120 3433 libras
1146 3377 1254 3447 decem,

195 3476 262 3534 vino
283 3491 354 3533 urna
375 3493 440 3546 una,
462 3478 593 3548 legumen
614 3477 732 3535 sextaria
754 3481 895 3548 quattuor,
916 3475 975 3532 sale
995 3475 1115 3532 sextario
1136 3491 1205 3543 uno,
1229 3482 1258 3533 et

196 3574 226 3631 in
248 3576 390 3631 mercedes
411 3590 473 3630 suaa
493 3580 609 3646 repetet.

279 3672 360 3747 (llll.
381 3672 422 3728 De
443 3668 549 3744 operm)
576 3672 667 3728 160.
698 3668 833 3726 Similiter
852 3685 1021 3725 romanense
1042 3671 1066 3729 ei
1087 3671 1194 3741 lecerit,
1216 3671 1257 3729 sic

197 3775 306 3843 reputet
333 3770 403 3826 sicut
429 3769 528 3840 gallica
560 3783 662 3840 opera.
692 3768 769 3824 mille
795 3766 964 3840 quingentos
989 3767 1074 3838 pedes
1101 3770 1131 3826 in
1151 3768 1257 3826 solidos

198 3885 267 3929 unu.
300 3871 337 3927 lit
356 3870 425 3927 scias
446 3867 512 3942 quia
533 3868 580 3924 ubi
602 3885 657 3925 uua
678 3872 771 3940 tegula
786 3868 912 3942 punitur,
935 3865 1097 3940 quindecim
1117 3867 1256 3925 scindulas

198 3967 308 4033 lebant;
331 3968 396 4042 quia
417 3974 529 4024 centum
550 3965 754 4040 quinquaginta
774 3966 880 4038 tegulas
906 3966 962 4023 dno
991 3964 1068 4023 milia
1089 3964 1256 4038 quingentas

196 4066 335 4124 scindulas
355 4067 461 4124 lebant.
483 4065 518 4122 Et
537 4064 561 4123 si
582 4081 672 4123 massa
690 4064 866 4136 dedederit,
889 4064 1012 4122 sexcenti
1034 4061 1121 4137 pedes
1142 4078 1193 4136 per
1212 4079 1258 4120 su-

198 4162 256 4220 lido
277 4179 345 4220 uno.

279 4260 323 4335 (V.
349 4261 391 4318 De
418 4256 577 4333 caminata.)
618 4261 701 4317 161.
743 4259 773 4316 Si
794 4258 940 4330 magistros
961 4256 1127 4316 caminatam
1148 4258 1255 4331 iecerit,

199 4361 278 4416 tollat
298 4375 350 4431 per
368 4375 424 4414 una
440 4356 566 4414 tremisse
586 4371 655 4412 aruo.
678 4357 715 4412 Et
735 4356 758 4413 si
780 4355 907 4414 abietarii
926 4355 1064 4414 cancellus
1084 4356 1191 4426 lecerit,
1207 4373 1258 4431 per

199 4457 303 4514 uulidos
338 4472 395 4512 nno
426 4455 507 4512 vadat
537 4453 624 4526 pedes
655 4454 812 4512 duodecim.
855 4453 885 4510 Si
919 4469 985 4510 uero
1017 4467 1118 4526 peuma
1147 4455 1255 4523 lecerit,

200 4561 319 4629 quantos
340 4552 424 4628 pedes
445 4551 549 4608 habent
569 4556 658 4608 tantas
678 4551 792 4626 siliquas
817 4551 922 4608 lebant.
945 4551 982 4610 Et
1000 4551 1023 4608 si
1040 4555 1147 4612 carulas
1161 4553 1257 4611 lecerit
1366 4554 1368 4563 ’
