3062 5136
327 1164 423 1240 Quum
448 1166 512 1227 Viro
536 1185 566 1226 re
588 1187 656 1227 uera
679 1169 799 1248 erudito,
829 1167 929 1228 Cerroto
953 1169 1066 1230 Bcudio
1090 1190 1107 1229 α
1135 1154 1239 1242 Υεειηὲ,

237 1297 255 1335 a
277 1275 462 1339 Curatoribus
484 1279 631 1340 Historiae
646 1273 762 1341 Patriae
784 1283 887 1342 studiis
904 1284 1113 1360 promouendis,
1141 1303 1242 1343 munus

236 1389 412 1466 assipnatum
429 1393 527 1469 suisset
547 1383 718 1453 edendarum
735 1395 826 1471 lupum
843 1395 951 1472 Repum
972 1395 1239 1473 Lanpobardorum,

237 1501 293 1569 tue,
316 1503 449 1580 pluribus
471 1505 664 1566 uetustissimis
687 1508 862 1585 optimaeque
892 1515 976 1567 notae
999 1510 1117 1568 conlatis
1140 1510 1243 1569 codici-

238 1616 288 1674 bus
310 1634 390 1688 mss,
417 1617 566 1677 editionem
589 1619 775 1697 compararit,
802 1638 874 1697 quae
892 1622 1094 1698 proculdubio
1113 1624 1243 1682 omuibus

239 1728 428 1788 anterioribus
455 1729 592 1795 Herotdi‚
630 1728 777 1804 Gotdasti,
812 1730 1032 1809 Lindenbropii,
1065 1732 1236 1806 Mandonii,

237 1836 373 1900 Caurium
398 1843 588 1920 praeferenda
610 1844 665 1916 sit,
700 1852 726 1902 et
747 1843 864 1925 infinita
888 1845 1053 1904 cantationis
1077 1845 1233 1922 ditipentia,

238 1961 264 2010 et
283 1933 394 2013 seruata
412 1955 563 2014 barbarica
577 1955 627 2015 ttta
645 1957 760 2033 binpuae
777 1957 914 2028 ruditate,
931 1956 1102 2034 adiectisque
1117 1957 1241 2015 mauimi

240 2067 372 2125 momenti
407 2063 622 2146 Appendioibus.
681 2066 748 2129 Atia
783 2088 892 2148 quoque
924 2088 942 2129 a
978 2069 1137 2128 doctissimo
1177 2067 1243 2129 Viro

238 2178 444 2239 subiicientur:
479 2179 627 2242 thesaurus
659 2182 761 2241 scilieet
794 2182 944 2241 uariarum
973 2183 1122 2256 lectionum
1154 2181 1242 2242 muita

237 2293 331 2351 labore
354 2292 584 2372 depromptarum
607 2313 644 2353 aa
666 2313 731 2360 mss.
766 2294 906 2354 codicibus
932 2291 1106 2366 Vercettensi,
1131 2293 1242 2373 Epore-

237 2403 335 2470 diensi‚
380 2402 507 2477 Curensi,
540 2406 715 2477 Matrinum,
747 2405 938 2483 Sanpaitensi‚
972 2403 1179 2467 Parisiensibus
1216 2417 1242 2466 et

243 2514 496 2595 Guelpberbptonis
515 2520 634 2590 duobus,
660 2529 691 2578 ut
713 2520 772 2598 ipse
785 2527 878 2582 monet
895 2517 1135 2597 iuPraesatione:
1161 2530 1244 2580 erunt

239 2640 263 2689 et
286 2631 484 2690 adnotationes
503 2631 656 2710 plurimae,
682 2633 798 2698 indices,
833 2631 985 2708 alamania,
1011 2631 1160 2692 historicae
1183 2635 1242 2693 dis-

238 2742 412 2820 quisitiones,
438 2744 565 2803 codicum
587 2763 651 2804 uus.
676 2745 783 2822 typisue
810 2743 952 2802 editorum
974 2742 1172 2822 descriptiones
1195 2765 1244 2805 ao-

238 2858 443 2917 curatissimae.
476 2857 558 2933 Quae
580 2857 687 2925 omnia,
714 2877 793 2916 nemo
816 2858 915 2916 meiius
938 2876 1025 2936 quam
1046 2857 1092 2916 ate
1115 2868 1240 2929 nostras,

238 2987 301 3026 cum
322 2970 481 3030 incredibiii
504 2971 650 3048 ditipentia
673 2981 699 3029 et
721 2972 858 3032 miranda
880 2971 1023 3042 doctrina,
1050 2980 1109 3029 tum
1132 2971 1244 3048 apropio

237 3082 381 3141 uoluntate
398 3085 560 3161 praeditus,
581 3093 731 3164 praestare
748 3093 850 3164 potest.

324 3195 406 3256 Inter
435 3198 506 3273 tapes
535 3198 594 3258 iam
619 3199 733 3277 pridem
763 3198 899 3274 culpatus
919 3193 1080 3274 particulae
1103 3199 1184 3251 aaut
1211 3194 1245 3252 de

236 3307 423 3368 structoribus
447 3306 593 3391 (Rotbaris
615 3313 632 3387 5
654 3307 784 3382 CXLIV,
804 3305 916 3392 CXLV)
940 3308 989 3386 qui
1007 3306 1119 3366 abaris
1137 3307 1244 3365 natatis

237 3417 318 3477 Lorii
341 3418 419 3479 lacus
441 3422 523 3501 apud
546 3423 681 3502 oppidum
699 3421 916 3494 Nouocomense‚
942 3437 1049 3479 necnon
1073 3437 1091 3477 a
1113 3418 1245 3498 finitimis

164 3581 172 3590 .
237 3531 304 3590 loci-s
327 3533 438 3609 epressi,
464 3533 638 3612 Mapistrstm
656 3526 872 3596 Comaeinorum
895 3532 1028 3611 inferiore
1051 3550 1121 3591 aeuo
1145 3549 1244 3590 nomen

237 3643 429 3718 obtinuerunt,
462 3647 565 3726 quiquie
582 3666 637 3725 per
659 3655 748 3706 totam
772 3645 889 3733 Italiam
912 3659 999 3724 usque
1021 3645 1060 3705 ad
1085 3644 1159 3705 XIV
1179 3643 1244 3705 sae'-

237 3756 348 3830 cutum,
390 3759 585 3841 aedificiorum
622 3759 748 3818 omnium
783 3779 831 3854 seu
863 3759 1010 3819 architecti
1041 3777 1090 3818 seu
1121 3758 1245 3837 unificos
1288 3741 1297 3757 ’

237 3871 373 3948 suerunt,
411 3873 522 3952 saepius
546 3873 630 3931 etium
664 3881 834 3953 utrumque:
874 3871 921 3931 sed
953 3871 1038 3942 ibae,
1073 3888 1246 3947 quamquam

237 3991 409 4044 structorum
442 4004 543 4044 nomeu
571 3987 742 4063 reserentes,
778 4004 808 4045 re
841 4002 908 4044 aera
941 3981 1126 4042 structoriam
1157 3989 1247 4039 artem
1352 3993 1359 4002 ·

238 4095 351 4154 minime
378 4099 548 4179 respiciunt,
582 4100 629 4159 sed
657 4101 764 4159 damna
791 4109 904 4159 tantum
932 4097 1069 4176 fortuita,
1100 4113 1152 4173 que
1174 4095 1242 4154 dum

236 4207 405 4289 aedificatur
430 4213 587 4290 continuere
599 4221 719 4292 possunt
729 4215 882 4291 praecipue
896 4209 1044 4270 ruentibus
1055 4208 1242 4288 ponderibus,

236 4320 279 4378 uti
301 4320 378 4397 tipno
392 4324 433 4382 od
453 4343 537 4397 sano,
565 4325 699 4404 illatoque
718 4326 830 4384 uulnere
848 4319 901 4383 aut
913 4341 978 4382 nece
994 4322 1036 4381 uel
1057 4321 1246 4381 structoribus
