3048 5130
256 452 299 516 52
650 470 804 516 norusms
828 471 918 516 auara

335 624 424 681 868.
455 619 505 694 (Dc
534 631 732 680 sacromentum
759 620 889 697 ruptum.)
939 622 1147 680 Sacramentum
1174 631 1241 680 tunc
1268 624 1311 681 iu-

255 721 398 793 tcllcgitur
417 727 552 793 ruptum,
584 721 698 793 quando
731 728 873 793 presentes
900 728 1073 778 sacrosancta
1094 722 1234 792 evangelia
1262 729 1311 779 aut

256 836 332 878 arma
354 826 459 876 sacrata
484 819 544 891 ipse
565 819 613 890 qui
636 818 763 892 pulsatur
782 834 847 875 cum
874 822 1087 875 sacramentales
1107 834 1172 876 suos
1193 807 1310 893 conjun-

254 919 342 987 xerit,
374 925 402 974 et
422 933 480 972 uon
501 915 639 973 ausarcrit
654 899 767 988 jurare,
795 923 844 972 aut
873 916 932 988 ipse
964 925 1012 972 aut
1037 917 1137 990 aliquis
1159 918 1193 973 de
1220 933 1310 974 sacra·

255 1016 424 1074 mentalibus
445 1015 502 1071 suis
523 1031 553 1070 se
573 1014 778 1077 subtraxerint,
810 1020 876 1068 tune
906 1013 1078 1084 intellegitur
1105 1020 1310 1085 sagramentum

256 1123 382 1188 ruptum.
1011 1109 1013 1117 ’

335 1212 422 1270 864.
445 1206 497 1282 (Dc
517 1225 547 1264 eo
567 1210 615 1278 qur·
633 1210 710 1278 prius
729 1209 962 1276 moncscrtuuerit,
986 1217 1010 1264 ct
1030 1219 1230 1280 supranotatum
1246 1227 1311 1281 pro·

254 1307 361 1382 mittit.)
404 1307 432 1363 Si
455 1321 506 1379 pro
527 1320 706 1378 quacumque
727 1305 809 1376 culpa
832 1306 915 1360 homo
936 1306 1061 1376 pulsatus
1083 1305 1167 1362 luerit
1187 1307 1222 1364 ah
1243 1307 1310 1372 alio,

254 1415 283 1464 et
304 1403 456 1478 negaverit,
479 1407 568 1460 lceeat
589 1419 655 1460 eum
675 1419 704 1459 se
726 1403 859 1459 edoniare
881 1404 1036 1459 secundum
1056 1405 1146 1474 legem
1168 1413 1196 1460 et
1213 1421 1313 1460 secun·

255 1506 323 1562 dum
343 1504 506 1578 qualitatem
526 1494 636 1560 causae.
660 1502 690 1556 st
712 1508 804 1558 autem
821 1499 1043 1557 manclcstaverit
1063 1518 1091 1558 se
1113 1501 1221 1566 secisse,
1245 1519 1313 1558 eon-

254 1611 342 1676 ponat
362 1601 517 1658 secundum
538 1600 658 1673 qualiter
678 1599 707 1655 in
728 1599 783 1656 hoc
803 1598 934 1654 Edictum
956 1599 1072 1669 legitur;
1096 1615 1160 1655 nam
1182 1601 1252 1656 nulli
1273 1603 1313 1656 le·

144 1738 146 1742 ·
255 1708 333 1770 ceat,
366 1707 515 1774 postquam
535 1698 613 1770 prius
635 1695 876 1766 manelestaverit,
904 1704 1000 1768 postca
1029 1714 1080 1769 per
1105 1705 1312 1768 sagramentum

255 1815 358 1870 negare
380 1799 458 1872 quod
481 1814 537 1852 non
558 1795 594 1851 sit
607 1795 768 1868 culpavelis,
791 1799 940 1866 postquam
959 1794 1018 1867 ipse
1039 1811 1068 1851 se
1086 1796 1313 1868 culpavilemad·

254 1897 356 1968 signat.
399 1895 472 1965 Quia
493 1895 596 1949 multos
617 1891 802 1962 cognovimus
833 1890 862 1945 iu
891 1908 979 1961 reguo
1001 1901 1096 1948 nostro
1127 1896 1194 1950 tales
1215 1910 1312 1966 pravas

256 2002 431 2068 opponentes
451 1991 641 2060 intentiones,
675 1991 725 2045 hec
746 2005 797 2045 nos
819 1998 967 2046 moverunt
986 1999 1145 2064 presentem
1165 2007 1311 2064 corregere

254 2095 346 2165 legem
367 2100 395 2148 et
414 2091 448 2148 ad
469 2089 616 2146 meliorem
637 2097 740 2144 statum
760 2105 900 2146 revocare.

334 2189 425 2249 865.
448 2187 504 2261 (Dc
524 2189 642 2243 devitum
659 2188 749 2257 patrie
767 2184 891 2260 mortui.)
913 2186 942 2242 Si
965 2187 1027 2260 quis
1045 2194 1244 2258 postmortem
1264 2205 1312 2262 pa-

254 2289 304 2345 tris
324 2288 414 2344 lilium
435 2286 471 2342 de
492 2284 616 2342 devitum
637 2282 833 2356 appellaverit,
868 2284 944 2356 quod
974 2291 1053 2357 pater
1074 2286 1184 2341 debitor
1210 2285 1309 2356 fuissit,

206 2379 208 2392 '
254 2397 283 2442 et
302 2386 376 2441 lilius
398 2383 548 2454 negaverit,
571 2382 609 2438 ita
627 2380 809 2448 dicernimus,
833 2388 864 2437 ut
876 2389 988 2454 preveat
1005 2382 1079 2438 lilius
1095 2392 1309 2455 sacramentum,

255 2483 410 2541 secundum
431 2481 593 2554 qualitatem
614 2480 750 2552 pecuniae
773 2480 848 2536 unde
868 2481 1006 2552 pulsatur,
1031 2481 1108 2554 quod
1125 2491 1203 2554 pater
1223 2482 1312 2555 ipsius

255 2582 281 2638 ei
302 2581 413 2657 debitor
434 2596 491 2634 uon
513 2578 613 2647 fuissit,
637 2585 684 2634 aut
705 2594 756 2650 per
776 2593 872 2650 pugna
893 2579 1044 2634 defendere
1064 2579 1086 2634 si
1108 2581 1241 2653 potuerit.

334 2682 426 2737 866·
470 2677 500 2734 Si
521 2678 615 2750 aliqua
636 2677 710 2732 inter
731 2675 918 2744 creditorem,
953 2686 981 2735 et
1001 2679 1154 2736 devitorem
1176 2688 1259 2752 atque
1280 2680 1313 2735 fi-

255 2769 426 2851 dejussorem
447 2775 599 2832 surrexerit
618 2774 755 2844 intentio,
785 2781 813 2832 et
833 2775 935 2832 dixerit
956 2778 1092 2842 creditor,
1122 2779 1188 2850 quia
1209 2778 1244 2834 ln
1263 2781 1312 2834 tull
1385 2807 1390 2822 ι

253 2884 374 2948 prctcato
394 2877 488 2932 wuda'u
508 2875 620 2944 suscepi,
643 2879 670 2928 et
691 2873 838 2945 fidejussor
859 2875 1018 2944 negaverim
1042 2892 1099 2931 non
1122 2882 1162 2932 est
1176 2893 1259 2933 causa
1280 2877 1312 2933 fi·

256 2977 408 3050 dejussoris
430 2979 637 3045 sagramentum
658 2972 783 3043 preveri,
816 2972 869 3027 nisi
890 2971 1000 3028 devitor
1019 2974 1144 3043 singulus
1165 2975 1312 3032 satisfaciat

256 3075 291 3132 ad
312 3074 454 3144 evangelia
475 3080 523 3128 aut
543 3071 579 3128 ad
599 3086 695 3139 arma,
718 3070 785 3143 quia
805 3069 840 3126 In
861 3071 910 3126 toll
931 3073 1047 3142 capitolo
1066 3088 1116 3128 racc
1135 3075 1228 3129 wadia
1249 3076 1313 3129 dedi

255 3191 304 3230 racc
322 3175 477 3244 fidejussore
495 3171 585 3242 porci.

337 3273 423 3330 668.
445 3263 678 3344 (Dcwurepung.)
701 3264 806 3321 Omnes
825 3281 981 3336 waregang,
1005 3267 1099 3339 quide
1116 3270 1311 3326 exterrasfinis

255 3371 284 3427 in
307 3369 386 3440 regui
408 3368 494 3425 nostri
516 3367 619 3424 linibus
640 3364 798 3430 advenerit,
827 3378 949 3435 sequens
975 3366 1028 3421 sub
1055 3372 1165 3422 scutum
1192 3373 1312 3439 potesta·

256 3468 291 3524 tis
313 3473 405 3523 nostre
421 3465 612 3531 subdederint,
636 3463 746 3532 legibus
768 3461 870 3517 nostris
881 3463 1132 3532 Langobardorum
1151 3463 1241 3521 virere
1262 3465 1311 3521 de·

256 3571 355 3633 reaut,
379 3563 434 3620 nisi
455 3563 478 3619 si
499 3563 580 3619 aliam
602 3563 694 3632 legem
715 3560 749 3616 ad
771 3559 901 3632 pietatem
923 3566 1045 3618 nostram
1066 3569 1236 3618 metuerent.
1280 3561 1310 3619 Si

256 3663 331 3719 filius
352 3660 493 3732 legitimus
513 3658 681 3728 habuerint,
711 3658 828 3714 heredes
858 3673 956 3714 eorum
977 3659 1095 3715 existant
1121 3659 1193 3716 sicut
1213 3666 1240 3715 ct
1260 3659 1311 3716 lilii

256 3759 526 3832 Langobardorum
554 3758 577 3813 si
599 3756 673 3812 lilius
695 3756 836 3826 legitimus
859 3772 915 3811 non
937 3757 1105 3826 habuerint,
1136 3770 1192 3812 non
1214 3757 1249 3814 sit
1269 3758 1310 3814 illi

256 3865 377 3933 potestas
405 3857 510 3928 absque
537 3855 693 3928 jussionem
719 3855 793 3924 regis
823 3869 867 3909 res
888 3869 951 3910 suas
972 3854 1140 3927 cuicumque
1168 3855 1307 3928 thingare,

256 3965 305 4015 aut
324 3973 374 4030 per
395 3953 535 4028 quodlibit
555 3953 667 4011 titulum
687 3952 820 4009 alienare.
1255 3959 1258 3965 ·

335 4055 425 4112 868.
448 4050 500 4126 (ilc
520 4049 744 4123 comptionibus.)
765 4050 865 4106 Nullus
878 4051 1006 4122 camphio
1018 4059 1170 4123 presumat,
1194 4052 1307 4126 quando

256 4152 291 4208 ad
312 4150 465 4225 pugnando
486 4156 582 4207 contm
603 4147 658 4204 alio
680 4148 773 4217 radit,
801 4147 901 4203 herbas
923 4149 1000 4220 quod
1021 4149 1056 4204 ad
1077 4151 1226 4208 maleficias
1247 4167 1309 4222 per·

256 4249 319 4306 tinit
339 4263 472 4321 superse
493 4248 616 4312 babere,
647 4263 700 4302 nec
721 4245 788 4302 alias
810 4247 878 4301 tales
899 4246 1092 4314 semelisres,
1126 4247 1179 4304 nisi
1200 4253 1308 4304 tantum

256 4362 332 4403 arma
352 4361 403 4402 sua
423 4361 478 4418 que
499 4345 649 4416 convenit,
672 4349 701 4400 et
721 4343 744 4400 si
765 4342 886 4415 suspicio
908 4344 1009 4413 luerit,
1033 4346 1111 4416 quod
1132 4360 1178 4400 eas
1200 4347 1307 4403 occulte

257 4424 367 4512 babeat,
389 4441 549 4514 inquiratur
569 4443 605 4500 ad
621 4440 763 4514 judicem,
786 4439 856 4497 etsi
877 4440 1002 4498 inventas
1022 4456 1106 4514 super
1126 4457 1191 4498 eum
1211 4442 1305 4514 luerit,
