3022 5144
227 391 290 480 'llo
517 449 520 462 ι
658 433 769 482 meurs
792 433 884 482 mure

304 571 397 660 (VH.)
423 587 478 644 11.
508 582 538 642 Si
559 585 623 660 quis
643 599 756 643 causam
776 583 891 643 alterius
912 599 996 656 agere
1016 589 1065 641 aut
1084 597 1199 642 causaue
1220 597 1284 656 pre-

223 684 373 757 sumpserit
397 682 427 739 in
447 683 586 757 presentia
607 683 680 754 regis
701 689 750 739 ant
767 682 890 755 judicis,
921 687 1039 756 excepto
1060 681 1082 738 si
1103 697 1153 738 rex
1173 687 1222 738 aut
1238 681 1285 753 ju-

224 781 279 837 dex
300 763 441 836 licentiam
462 779 571 836 dederit
591 780 626 836 de
648 779 753 848 vidua,
776 779 880 836 auide
900 779 1045 852 orphano,
1075 784 1123 836 aut
1143 778 1178 836 de
1200 780 1284 834 talem

223 878 367 935 bominem
389 878 437 951 qui
460 893 573 934 causam
593 877 673 935 suam
694 877 788 934 dicere
812 894 870 932 non
892 875 1034 949 potuerit,
1067 881 1210 947 conponat
1236 874 1285 932 wi·

223 975 327 1048 drigild
354 991 426 1044 suo,
457 963 646 1033 medietatem'
664 975 745 1046 regi,
781 982 809 1032 et
830 975 1007 1032 medietatem
1033 974 1059 1030 ei
1080 980 1177 1030 contra
1199 989 1283 1046 quem

224 1073 385 1134 causaverit.
427 1075 463 1130 Et
490 1073 513 1130 si
543 1072 618 1130 lorte'
643 1073 745 1146 aliquis
772 1089 823 1146 per
842 1072 1049 1145 simplicitatem
1071 1087 1183 1129 causam
1204 1087 1284 1128 suam

224 1188 308 1243 agere
329 1172 428 1242 nescit,
451 1171 545 1229 veniat
564 1171 600 1227 ad
616 1162 767 1244 palatiumt
790 1178 818 1228 et
837 1170 859 1227 si
880 1187 928 1228 rex
948 1178 996 1226 aut
1011 1169 1100 1243 judex
1118 1169 1285 1243 praeviderit

224 1270 302 1343 quod
314 1269 414 1326 veritas
434 1269 480 1340 sit,
503 1262 571 1327 tunc
591 1267 618 1326 ei
640 1270 706 1326 dare
725 1270 827 1326 debeat
842 1268 985 1326 hominem
1007 1267 1057 1341 qui
1072 1283 1184 1326 causam
1197 1267 1284 1341 ipsius

224 1373 302 1439 agat:
333 1383 398 1423 nam
425 1351 453 1424 si¹
465 1367 554 1440 judex
580 1365 639 1424 boc'
655 1367 848 1434 consenserit,
871 1372 989 1440 excepto
1011 1366 1054 1423 bis
1075 1365 1221 1438 capitulis,
1257 1373 1286 1422 et

223 1480 282 1521 uon
303 1460 511 1534 emendaverit,
541 1471 569 1520 et
597 1464 656 1537 ipsc
677 1464 806 1522 similiter
826 1472 969 1537 conponat
988 1463 1130 1535 widrigild
1150 1479 1233 1520 suum
1254 1463 1282 1519 in

225 1553 360 1636 palatium
381 1560 464 1632 regis.
487 1560 516 1619 Si
538 1561 614 1618 enim
635 1562 822 1636 quiscumque
842 1564 926 1620 bomo
946 1563 1019 1620 liber
1035 1563 1063 1618 in
1086 1560 1228 1618 servitium
1249 1563 1285 1618 de

225 1658 353 1732 gasindio
368 1645 442 1730 regis
463 1667 512 1718 aut
533 1657 567 1717 de
581 1660 640 1734 ejus
659 1662 742 1718 fldele
758 1661 908 1731 introierit,
932 1669 960 1718 et
977 1661 1064 1735 judex
1080 1661 1182 1717 desub
1199 1674 1284 1733 quem

225 1749 310 1816 luerit
330 1758 428 1815 dolose
450 1775 515 1815 eum
537 1760 696 1831 obprimere
717 1760 852 1832 quesierit
872 1777 922 1834 pro
944 1777 978 1817 eo
999 1759 1077 1833 quod
1097 1757 1157 1831 ipse
1177 1757 1207 1813 in
1228 1773 1286 1814 ser-

225 1857 290 1914 vitio
311 1842 425 1914 alterius
446 1844 602 1922 introierit,
626 1845 664 1913 ‘et
692 1857 799 1914 inlicite
820 1874 870 1931 per
890 1859 983 1931 ipsum
1006 1859 1103 1914 dolum
1132 1855 1157 1912 ei
1175 1854 1285 1928 judica-

225 1955 310 2025 verit,
343 1961 371 2012 et
397 1953 526 2011 forsitans
547 1954 582 2014 eb
603 1954 664 2027 ipso
682 1955 778 2028 judice
799 1972 851 2012 suo
874 1956 981 2028 justitia
1010 1972 1060 2012 sua
1079 1954 1205 2011 irrvenire
1227 1969 1285 2010 non

224 2051 362 2126 potuerit:
394 2041 637 2123 tune‘conponat
663 2052 750 2124 judex
780 2053 852 2110 sieut
881 2069 965 2126 supra
986 2053 1107 2125 legitur,
1138 2057 1167 2108 et
1186 2052 1233 2108 ille
1254 2050 1284 2106 iu

224 2151 304 2224 cujus
332 2139 445 2206 servitio
475 2137 535 2223 ipsc
567 2157 609 2206 cst
636 2149 739 2206 babeat
766 2149 907 2208 licentiam
935 2167 1046 2208 causam
1073 2149 1133 2225 ejus
1154 2165 1237 2220 agere
1258 2155 1286 2204 et

225 2248 360 2322 usquead
372 2229 462 2318 legem
480 2247 657 2330 perducere;
679 2247 719 2304 sic
740 2245 834 2306 tamen
859 2257 890 2305 ut
911 2255 975 2306 ante
992 2245 1072 2306 vadat
1093 2249 1127 2307 ad
1145 2247 1285 2321 judicium

222 2341 312 2420 judici
324 2342 395 2413 suo,
415 2337 550 2419 justitiam
571 2362 651 2402 suam
671 2346 888 2419 suscipiendam.
907 2355 908 2360 ’

305 2493 407 2572 (Viri.)
438 2500 497 2555 Η.
527 2499 655 2556 Relatum
680 2499 795 2572 quidem
824 2498 905 2556 nobis
926 2505 982 2567 est,
1017 2498 1093 2570 quod
1123 2496 1178 2564 sint
1194 2495 1285 2569 aliqui

225 2591 303 2667 pravi
323 2593 453 2654 homines
475 2595 522 2667 qui
544 2597 708 2652 submittant
727 2596 757 2652 in
771 2597 876 2669 palatio
887 2604 986 2652 nosue
1004 2601 1141 2652 secretum
1161 2602 1286 2661 nostrum

225 2690 408 2761 discendum,
436 2699 467 2747 ut
486 2699 534 2748 aut
553 2709 605 2765 per
625 2694 842 2750 deliciosusaut
862 2710 912 2766 per
934 2693 1060 2750 ostiarios
1082 2693 1124 2749 vel
1146 2708 1196 2764 per
1216 2692 1286 2748 alios

224 2788 348 2845 bominis
368 2789 491 2861 captiose
519 2795 566 2846 aut
586 2791 723 2848 absconse
754 2791 853 2864 aliquit
884 2791 1050 2863 investigare
1077 2789 1185 2862 possint
1205 2789 1286 2861 quid-

226 2885 295 2960 quid
317 2902 372 2943 nos·
388 2886 514 2957 agimus3
545 2894 571 2944 et
601 2888 656 2961 ipsi
686 2889 734 2962 qui
764 2896 915 2960 rogantur,
941 2888 1094 2962 quidquid*
1115 2903 1286 2958 cognoscere
1324 2871 1327 2879 ’

225 2991 344 3059 possunt
364 3000 472 3056 eorum,
495 2987 630 3044 mandant
650 2994 696 3044 aut
709 2988 878 3044 annuntiant
898 2993 1014 3055 secrete,
1033 2985 1167 3042 -etadbuo
1187 2985 1216 3041 in
1238 3001 1286 3041 ex-

224 3089 321 3140 tranea
341 3083 484 3156 provincia
505 3085 667 3143 mandatum
688 3085 801 3143 iaciunt.
844 3084 900 3142 Sed
921 3084 1030 3157 adparit
1056 3083 1151 3150 nobis,
1166 3089 1210 3138 ,ut
1237 3082 1284 3156 qui

117 3187 119 3190 '
226 3183 279 3240 tale
301 3198 382 3239 causa
402 3189 548 3255 penetrare
569 3183 704 3255 presumit
725 3199 782 3239 non
804 3190 845 3239 est
864 3182 894 3238 in
916 3183 972 3238 fide
993 3199 1042 3239 sua
1062 3186 1171 3246 rectus,
1193 3187 1235 3236 set
1255 3180 1285 3236 in

224 3282 298 3338 mala
317 3281 524 3353 suspectionem
542 3298 658 3339 manere
679 3281 796 3340 videtur.
825 3281 905 3339 Unde
927 3280 1113 3345 decernimus,
1136 3279 1234 3352 utqui
1256 3277 1284 3334 in

120 3399 133 3410 ‘
225 3379 280 3434 tale
300 3394 381 3435 causa
402 3380 553 3436 admodum
574 3380 702 3436 detentus
724 3379 817 3449 luerit,
841 3386 897 3436 tam
919 3379 966 3452 qui
988 3378 1125 3434 submittit
1145 3393 1285 3450 quamque

226 3476 275 3550 qui
295 3476 484 3548 submittitur,
515 3477 609 3535 anime
635 3493 684 3534 suc
705 3477 828 3534 incurrat
848 3477 1004 3551 periculum
1025 3485 1052 3533 et
1073 3493 1117 3533 res
1144 3476 1202 3548 ejus
1223 3475 1286 3531 inli-

227 3582 358 3632 scentur:
381 3575 457 3648 quia,
480 3575 552 3631 sicut
562 3575 629 3632 dicit
640 3575 799 3648 Scriptura:
824 3576 997 3646 „secretum
1017 3574 1091 3646 regis
1112 3576 1285 3632 abscondere

225 3675 352 3746 „bouum
372 3679 424 3743 cst,
448 3689 533 3746 opera
554 3680 645 3730 autem
666 3673 718 3731 Dei
739 3675 862 3731 revelare
884 3674 1070 3730 honorificum
1091 3675 1163 3730 est“.

500 3823 630 3864 ttxbumtr
650 3824 777 3864 uutcrult
797 3824 897 3866 BbGlssS
919 3824 1009 3866 tuuis,

689 4045 818 4098 rucrrrr

552 4153 745 4218 CAPITULA
769 4156 809 4216 IN
832 4155 960 4218 Bltllvl.

303 4300 361 4357 Isto
381 4316 450 4372 quoe
469 4302 592 4372 superios
621 4302 722 4372 scripto
748 4307 890 4370 tenentur,
913 4303 944 4356 ia
964 4299 1091 4357 Edictum
1112 4303 1281 4358 enituntur:

226 4423 251 4471 et
269 4418 324 4472 istu
344 4417 413 4473 duos
433 4417 552 4488 capitolo
573 4418 606 4472 de
625 4416 716 4474 mltos
736 4418 768 4472 in
787 4417 861 4471 breui
879 4417 1047 4487 previdimus
1065 4423 1191 4474 timuere.
