3022 5144
601 519 605 530 ·
647 501 835 550 crunnum
858 501 949 546 11018

476 652 603 708 metuit
622 653 667 704 ΒΕ
686 650 782 704 Anno
802 649 968 704 Vtcustmo
987 651 1108 704 numo.

517 776 651 843 (Kalendis
665 779 772 834 mantis,
785 789 853 826 anno
864 771 1067 839 uccxmn.)

488 900 678 964 VOLUMEN
702 899 884 963 [incinunt
907 897 1091 964 TERTIUM.

342 1046 418 1102 Haec
447 1054 509 1104 tunt
537 1047 604 1117 lepre
634 1060 702 1116 quur
732 1046 940 1117 annosissimae
972 1041 1177 1114 Liutprend
1213 1043 1325 1098 eddidit

173 1207 177 1216 .
261 1133 423 1218 rumne?

343 1241 443 1313 Incipit
462 1241 575 1312 capiuli
595 1243 629 1296 de
648 1257 722 1295 enne
742 1257 805 1309 xxi,
837 1227 959 1296 kalendis
978 1242 1103 1308 martiii,
1131 1239 1281 1294 indictione
1301 1253 1322 1304 r,

265 1343 358 1397 deanni
377 1338 613 1410 Liutprundi
632 1337 721 1409 Rapis.

343 1434 390 1510 (l.)
420 1439 508 1494 18⁰.
540 1434 570 1492 Si
601 1434 663 1507 quis
690 1433 792 1490 dixerit
817 1433 930 1506 conjugi
959 1449 1036 1496 suae,
1053 1433 1155 1489 malam
1181 1431 1324 1490 licentiam

264 1535 400 1603 dandum,
424 1534 508 1606 quia:
536 1532 619 1601 Vade,
643 1534 797 1605 nempteube
817 1550 877 1590 esem
897 1533 977 1588 telem
996 1532 1145 1597 nminem
1168 1537 1216 1586 aut
1236 1529 1258 1586 si
1281 1528 1323 1584 di·

264 1633 336 1688 xerit
356 1633 392 1689 ed
413 1631 574 1689 hominem:
602 1629 684 1696 Veni,
715 1639 739 1688 et
758 1632 804 1699 sac
825 1647 884 1688 euin
903 1632 1040 1688 acclinem
1060 1645 1147 1685 eneam
1168 1629 1259 1684 cernis
1280 1644 1323 1682 ce-

264 1733 440 1798 multonem
470 1736 498 1787 et
519 1731 602 1786 talem
623 1731 726 1785 malum
747 1729 850 1786 lactum
871 1729 969 1797 luerit,
1001 1736 1160 1785 etecusam
1182 1731 1324 1798 provatum

266 1829 341 1902 quod
363 1845 413 1902 per
433 1828 525 1901 ipsum
545 1825 675 1883 maritum
697 1827 798 1883 lactum
820 1827 873 1883 sit:
903 1828 940 1883 ita
962 1826 1122 1892 statuimus,
1145 1819 1243 1880 utilia
1264 1839 1325 1878 mu-

265 1927 327 1997 lier,
351 1927 398 2000 qui
419 1927 473 1982 hoc
494 1927 597 1983 malum
618 1925 715 1981 lecerit
736 1932 763 1980 et
784 1923 970 1995 consenserit,
993 1924 1146 1992 muniatur,
1170 1921 1324 1977 secundum

265 2023 432 2082 anteriorem
453 2024 564 2093 Edicto,
587 2023 653 2096 quia
675 2023 759 2079 talem
774 2039 885 2079 causam
907 2040 959 2079 nec
980 2021 1070 2079 iacere
1088 2019 1184 2076 debuit
1206 2035 1258 2074 nec
1279 2034 1325 2074 ce·

264 2125 339 2188 lare3
370 2121 435 2195 quia
457 2122 480 2178 si
501 2121 542 2176 vir
562 2121 621 2192 ejus
642 2137 706 2175 cum
726 2119 856 2177 ancillam
878 2137 955 2176 suam
983 2126 1030 2176 aul
1051 2136 1114 2176 cum
1144 2117 1198 2174 alia
1221 2116 1323 2172 semina

265 2219 455 2288 adulterassit‚
490 2218 589 2274 mulier
619 2217 678 2289 ipsa
707 2217 741 2273 ad
763 2217 895 2289 palatium
917 2227 945 2274 et
965 2215 999 2274 ad
1018 2217 1120 2289 judicis
1141 2215 1239 2272 habuit
1260 2231 1324 2288 pru·

264 2319 402 2376 clamare:
432 2317 498 2373 ideo
520 2322 610 2373 tacere
631 2315 686 2371 hec
708 2332 885 2388 nequaquam
906 2316 1021 2385 debuit,
1052 2316 1165 2388 quando
1186 2313 1213 2370 ei
1234 2313 1323 2386 primo

264 2417 352 2472 luerat
373 2414 495 2480 dictum;
517 2420 683 2487 prepterea,
707 2419 737 2468 ut
758 2411 897 2479 diximus,
919 2414 1071 2483 moriatur,
1101 2411 1253 2470 secundum
1274 2427 1323 2466 an-

265 2513 395 2570 teriurem
417 2512 508 2569 Edicti
530 2512 641 2585 pagina.
677 2513 727 2568 llle
749 2519 842 2568 autem
863 2511 905 2568 vir
925 2513 999 2584 ejus,
1029 2513 1077 2584 qui
1099 2511 1125 2567 ei
1147 2517 1201 2566 tam
1221 2509 1323 2565 malam

263 2610 404 2667 licentiam
425 2610 512 2680 dedit,
535 2616 583 2666 aut
603 2609 682 2667 alteri
701 2610 812 2666 homeni
831 2609 900 2666 dixit
920 2611 1156 2667 etauctoritatem
1178 2607 1274 2665 tribuit
1294 2607 1322 2663 in

263 2708 409 2765 mulierem
429 2725 509 2765 suam
530 2709 614 2765 talem
635 2710 738 2765 malum
755 2710 982 2781 perpetrandum,
1007 2715 1149 2781 conponat
1169 2708 1204 2763 nd
1224 2723 1325 2779 paren-

263 2806 297 2863 tis
318 2803 406 2878 ipsius
427 2806 553 2862 mulieris
574 2822 639 2862 suae
662 2812 803 2879 tamquam
825 2806 848 2862 si
868 2807 897 2862 in
919 2807 1080 2864 scandalum
1101 2805 1191 2862 occisa
1213 2802 1322 2869 fuissit3

263 2905 328 2978 quia
349 2910 375 2960 et
406 2903 465 2976 ipsa
486 2919 520 2959 ex
542 2902 662 2975 pecualia
682 2902 711 2959 in
733 2903 894 2961 scandalum
916 2922 1063 2961 cucurrere
1089 2904 1146 2960 visa
1173 2910 1215 2959 est
1236 2918 1324 2974 quan-

263 3003 330 3058 dum
350 3002 386 3058 ad
406 3001 460 3057 hoc
481 3001 585 3057 malum
599 2999 796 3074 penitrandum
813 3002 937 3071 accessit,
963 3001 1029 3076 qnia
1049 3004 1079 3058 in
1094 2999 1229 3074 majorem
1245 3016 1325 3056 scan-

264 3101 358 3159 dalum
378 3116 490 3157 currere
512 3115 569 3155 uun
592 3099 698 3172 potuit,
721 3100 863 3174 quandum
884 3117 913 3157 se
934 3102 968 3157 ad
986 3107 1105 3156 mortem
1124 3098 1221 3156 traxit:
1245 3095 1321 3162 ideo,

263 3206 293 3256 ut
313 3198 504 3272 premisemus,
528 3206 670 3272 conponat
691 3198 731 3254 vir
751 3197 809 3270 ejus
830 3199 901 3255 sicut
921 3216 1004 3272 supra
1025 3200 1179 3256 statuimus.
1221 3199 1258 3253 Et
1278 3214 1322 3253 res

263 3297 387 3369 ejusdem
407 3297 549 3362 mulieris,
583 3295 606 3352 si
635 3296 708 3352 iilius
729 3295 873 3366 habuerit,
905 3297 959 3370 ipsi
980 3295 1120 3361 habeant3
1149 3303 1177 3351 et
1206 3296 1227 3351 si
1250 3295 1323 3351 filios

264 3411 320 3450 nun
343 3394 490 3458 habuerit,
524 3400 677 3451 revertatur
703 3394 739 3450 ad
761 3395 884 3467 parentis
906 3395 992 3467 ipsius
1021 3393 1160 3459 mulieris;
1191 3407 1225 3450 eo
1247 3393 1322 3466 quud

263 3491 401 3548 credimus
423 3492 499 3563 quod
520 3493 604 3548 talem
624 3494 729 3548 malum
750 3492 815 3548 ideo
838 3500 936 3567 querat
956 3492 1041 3549 miser
1063 3493 1146 3549 homo
1170 3491 1269 3555 lacere,
1294 3496 1323 3546 ut

262 3590 352 3662 ipsam
372 3588 519 3644 mulierem
540 3591 638 3664 perdat
659 3595 686 3645 et
706 3607 750 3647 res
772 3590 830 3662 ejus
851 3589 958 3648 habeat.
986 3592 1036 3646 lile
1056 3597 1148 3647 autem
1168 3589 1253 3646 hemo
1275 3589 1322 3662 qui

262 3689 352 3762 ipsam
378 3686 525 3743 mulierem
547 3687 668 3744 alienam
689 3689 901 3759 adulteraverit,
930 3705 1098 3762 quamquam
1120 3705 1183 3746 cum
1204 3692 1245 3743 vir
1265 3689 1322 3760 ejus

263 3785 422 3856 consilium,
446 3785 493 3842 fiat
514 3785 630 3843 traditus
646 3785 676 3842 in
694 3804 792 3845 manus
813 3786 848 3844 ad
865 3788 988 3861 parentis
999 3787 1085 3860 ipsius
1099 3785 1234 3855 mulieris,
1258 3804 1321 3843 uam

263 3902 322 3941 neu
342 3885 372 3942 in
394 3901 479 3941 mann
500 3882 556 3940 veri
577 3883 619 3940 sui
642 3884 690 3957 qui
711 3886 794 3942 talem
814 3887 918 3943 malum
939 3887 1081 3943 consensit
1108 3886 1150 3942 vel
1173 3885 1320 3942 consilium

262 3983 407 4040 inlecitum
428 3982 513 4042 dedit.
534 3982 605 4039 Item
626 3983 661 4039 de
683 4001 792 4040 causam
814 3981 896 4040 istam
917 4001 1000 4057 quem
1022 4001 1104 4057 supra
1125 3983 1320 4058 premisemus,

262 4081 285 4138 si
307 4083 456 4140 consilium
475 4089 522 4140 aut
542 4081 683 4138 licentiam
705 4083 767 4139 data
789 4082 870 4139 luerit
890 4082 925 4138 ad
946 4083 1109 4148 mulierem,
1134 4089 1162 4139 et
1182 4082 1241 4155 ipsa
1263 4099 1321 4138 nen

262 4181 444 4250 consenserit,
467 4188 495 4236 et
511 4180 742 4250 menelestaverit,
767 4188 925 4240 etecusam
946 4181 1034 4254 ipsam
1056 4187 1084 4236 et
1101 4179 1190 4252 ipsam
1207 4197 1321 4252 operam

262 4280 364 4336 malam
381 4279 451 4334 lacta
468 4295 526 4335 uon
548 4279 644 4336 luerit:
668 4284 733 4334 tuuc
749 4279 808 4351 ipse
823 4273 865 4336 vir
879 4279 947 4351 ejus,
971 4279 1019 4354 qui
1041 4279 1066 4337 ei
1084 4279 1167 4336 talem
1180 4278 1320 4335 licentiam

263 4382 290 4432 et
310 4375 458 4433 consilium
479 4377 598 4448 dederit,
621 4383 763 4449 conponat
783 4377 854 4434 sicut
874 4385 954 4435 antea
977 4377 1004 4434 in
1023 4377 1152 4435 Edictum
1173 4375 1320 4434 adfiximns

262 4474 404 4548 quemme
426 4474 473 4547 qui
495 4475 541 4532 alii
563 4476 666 4532 malum
687 4475 834 4533 consilium
855 4476 921 4543 dat,
954 4476 984 4534 id
1006 4482 1047 4533 est
1066 4477 1171 4533 solidus
1191 4491 1224 4541 ι;
1254 4474 1320 4548 quia
