3022 5144
538 491 675 538 surorum
698 492 765 538 cas.
785 491 839 534 t—
853 492 875 534 r.
1195 473 1257 540 123

202 638 369 696 massaritias
395 640 495 698 babeat
520 641 636 698 loricam
663 657 728 698 cum
748 643 857 716 reliqua
878 643 1039 701 conciatura
1059 658 1127 708 sua,
1158 643 1260 700 debeat

203 737 305 792 babere
326 743 354 793 et
374 737 515 802 caballost
548 739 618 795 etsi
640 740 892 812 superhabuerit,
921 758 971 814 per
997 742 1049 799 isto
1071 757 1189 797 numero
1212 741 1260 798 de·

202 835 267 890 beat
287 834 388 890 babere
410 835 533 891 caballos
553 843 581 890 et
601 838 708 908 reliqua
729 847 879 894 armatura.
923 841 992 896 ltem
1014 839 1137 911 placuit,
1162 846 1198 894 ut
1218 838 1260 894 illi

203 929 331 986 bomines
351 932 401 1003 qui
422 948 479 988 non
503 933 607 988 babent
630 949 707 991 casas
735 935 925 1005 massaricias,
956 944 985 992 et
1012 937 1117 994 babent
1141 936 1261 1009 quadra-

203 1028 279 1097 ginta
296 1029 371 1100 jugis
393 1035 505 1098 terram,
529 1031 649 1086 babeant
669 1031 819 1101 caballum,
842 1041 953 1090 scutum
974 1042 1001 1090 et
1021 1036 1157 1092 lanceam.
1189 1034 1260 1090 ltem

202 1126 237 1180 de
259 1125 367 1182 minore
384 1127 511 1182 homines
527 1127 647 1200 principi
668 1129 784 1199 placuit,
809 1136 839 1185 ut
858 1129 882 1186 si
903 1132 1010 1203 possint
1024 1132 1259 1202 baberescutum,

203 1222 325 1280 babeant
345 1241 468 1290 coccora,
481 1240 546 1280 cum
566 1226 679 1295 sagittas
700 1233 727 1282 et
747 1242 837 1285 arcos.

283 1320 365 1394 (ΠΙ.)
397 1324 435 1382 8.
462 1322 531 1378 ltem
559 1323 594 1378 de
621 1323 676 1380 illis
698 1324 860 1382 bominibus
880 1327 928 1398 qui
952 1326 1126 1396 negotiantes
1146 1332 1212 1382 sunt
1233 1330 1262 1382 et

202 1419 350 1492 pecuniam
372 1436 429 1476 non
451 1420 565 1485 babent,
588 1422 638 1493 qui
659 1430 725 1478 sunt
745 1422 862 1493 majores
884 1429 912 1478 et
926 1430 1054 1496 potentes
1079 1423 1199 1480 babeant
1219 1425 1260 1480 lo·

203 1517 289 1587 ricas,
321 1525 432 1588 scutos,
461 1525 490 1574 et
509 1519 649 1589 caballos,
683 1529 709 1575 et
730 1520 862 1584 lanceasa
896 1528 924 1576 et
952 1522 1002 1593 qui
1022 1529 1089 1578 aunt
1108 1528 1259 1594 sequentes

203 1615 325 1674 babeant
345 1618 478 1686 caballos,
503 1623 624 1686 scutum,
647 1624 676 1672 et
689 1619 834 1682 lanceam
856 1619 979 1674 minores
996 1619 1118 1674 babeant
1131 1633 1262 1676 coccoras

202 1729 266 1770 cum
287 1715 399 1783 sagittas
419 1722 447 1770 et
467 1730 555 1772 arcos.
1184 1781 1188 1792 ¹

283 1809 374 1884 (llll.)
408 1813 446 1867 4.
482 1811 518 1868 Et
539 1811 593 1867 hoc
614 1811 680 1866 item
703 1811 738 1866 de
759 1809 814 1866 illis
835 1809 1014 1879 homiuibus,
1043 1810 1093 1882 qui
1115 1811 1260 1880 negotium

202 1909 320 1966 iecerint
343 1909 405 1966 sino
425 1910 567 1966 voluntate
594 1909 666 1979 regis
692 1925 757 1964 cum
784 1910 927 1966 Romanus
956 1908 1103 1964 homines:
1133 1907 1157 1963 si
1178 1908 1262 1964 luerit

199 2008 286 2079 judex
307 2008 355 2080 qui
377 2008 431 2064 boc
451 2006 542 2064 lacere
563 2007 773 2080 presumpserit,
796 2014 939 2079 conponat
959 2005 1098 2076 widrigild
1117 2020 1212 2074 snum,
1235 2013 1263 2062 et

202 2104 339 2161 bonorem
360 2121 445 2162 suum
463 2104 618 2171 ammittat3
647 2105 670 2161 si
701 2105 786 2160 luerit
805 2104 967 2162 erimannus
988 2105 1094 2173 homo,
1123 2103 1261 2160 ammittat

202 2219 246 2258 res
266 2218 341 2272 suas,
364 2211 393 2258 et
412 2203 493 2258 vadat
513 2201 671 2260 decalvatus
691 2202 849 2262 clamando.
884 2201 931 2259 Sic
952 2201 1072 2274 patiatur
1092 2201 1142 2274 qui
1164 2208 1261 2257 contra

203 2300 375 2356 wolrrntatem
401 2300 509 2356 domiui
534 2300 578 2356 sui
603 2299 677 2370 regis
705 2315 770 2355 curn
792 2301 935 2356 Romanus
961 2299 1089 2356 homines
1116 2299 1261 2370 negotium

202 2397 299 2454 lecerit
318 2397 432 2470 quando
453 2398 515 2454 lites
537 2398 679 2456 habemus.
711 2397 847 2454 Similiter
868 2404 1011 2470 conponat
1027 2397 1115 2469 judex
1141 2398 1190 2470 qui
1212 2414 1262 2453 ue-

203 2496 325 2565 glectum
347 2495 443 2552 lecerit
462 2496 497 2552 ad
518 2495 738 2568 inquirendum,
771 2495 795 2550 si
826 2502 889 2552 ante
915 2495 950 2552 ad
971 2495 1030 2567 ejus
1052 2496 1179 2551 notitiam
1200 2511 1263 2568 per·

204 2594 279 2648 venit
298 2593 375 2666 quod
397 2592 559 2650 arimannos
580 2593 639 2664 ejus
661 2591 713 2648 boc
735 2593 844 2648 lecisset
869 2600 918 2649 aut
943 2592 1015 2648 alius
1036 2593 1120 2648 bomo
1150 2592 1180 2649 in
1202 2593 1262 2665 ejus

199 2691 346 2763 judicaria,
369 2699 512 2764 conponat
527 2690 667 2761 widrigild
687 2706 780 2758 suum,
804 2698 833 2746 et
853 2691 988 2747 bonorem
1011 2706 1095 2746 suum
1116 2707 1172 2746 non
1196 2707 1258 2762 per-

204 2789 269 2854 dat;
299 2798 326 2844 et
354 2791 377 2845 si
405 2789 506 2845 dixerit
530 2791 589 2862 ipse
608 2789 696 2861 judex
717 2789 794 2861 quod
825 2790 860 2845 ad
881 2789 941 2861 ejus
962 2789 1088 2845 notitiam
1120 2805 1177 2844 non
1199 2804 1262 2861 per-

204 2886 342 2955 venisset,
373 2887 500 2958 purificet
527 2903 556 2942 se
588 2887 623 2942 ad
644 2893 738 2943 sancta
760 2886 811 2942 Dei
833 2886 994 2958 evangelia,
1028 2886 1105 2959 quod
1136 2886 1170 2942 ad
1205 2885 1265 2956 ejus

205 2984 331 3040 notitiam
353 3001 410 3040 non
433 2983 612 3056 pervenisset

283 3079 339 3154 (V.)
361 3081 400 3138 ὅ.
422 3082 463 3137 De
474 3082 564 3138 clusas
574 3096 646 3153 quae
661 3081 786 3153 disrupte
804 3088 879 3149 sunt,
898 3085 1098 3149 restaurentur,
1113 3086 1140 3136 et
1156 3085 1263 3151 ponant

203 3179 308 3234 ibidem
328 3179 500 3248 custodiam,
534 3187 563 3234 ut
590 3195 642 3234 nec
671 3179 756 3233 nostri
779 3179 906 3233 homines
934 3177 1042 3249 possint
1064 3177 1180 3232 transire
1201 3176 1261 3231 sine

203 3279 344 3334 voluntate
365 3278 458 3347 regis,
492 3293 585 3350 neque
612 3277 737 3333 extranei
764 3277 873 3349 possint
892 3275 1040 3346 ingredere
1069 3274 1098 3329 in
1118 3272 1262 3346 provincia

206 3383 297 3431 nostra
325 3376 453 3432 similiter
482 3376 543 3432 sine
573 3375 714 3430 uoluntate
735 3375 809 3443 regis
830 3374 872 3428 vel
891 3372 1028 3444 jussione.
1072 3372 1107 3427 Et
1127 3372 1157 3427 in
1179 3371 1263 3443 quale

204 3476 279 3530 clusa
302 3475 405 3530 inventi
428 3475 542 3542 luerint,
566 3473 613 3529 tali
636 3490 708 3545 pena
729 3473 871 3545 subjaceat
888 3469 1041 3528 clauserius
1058 3470 1107 3542 qui
1124 3469 1265 3526 custodire

206 3574 329 3642 neglexit
350 3591 365 3628 a
383 3572 478 3644 judice
498 3588 561 3639 suo,
585 3571 676 3643 qualis
690 3572 748 3642 ipse
768 3571 854 3642 judex
912 3585 977 3640 rege
993 3576 1057 3624 ante
1078 3567 1187 3640 posito;
1211 3565 1264 3621 nisi

201 3671 288 3742 juder
311 3687 361 3743 pro
379 3671 495 3728 utilitate
511 3669 584 3740 regis
605 3669 711 3725 miserit
726 3668 841 3726 missum
860 3684 942 3724 suum
954 3676 1002 3724 aut
1018 3666 1181 3739 susceperit,
1204 3672 1265 3721 tan-

206 3769 351 3826 tummodo
372 3786 424 3843 pro
445 3783 527 3824 carisa
549 3767 630 3836 regis.

285 3867 360 3940 (Vt.)
391 3869 430 3924 6.
461 3867 501 3922 De
523 3864 634 3934 navigio
657 3871 684 3918 et
706 3873 817 3919 terreno
840 3865 953 3934 negotio
997 3872 1026 3921 ut
1048 3864 1142 3919 nullus
1163 3862 1264 3918 debeat

206 3966 349 4036 negotium
371 3963 562 4036 peragendum
578 3963 721 4018 ambulare
743 3969 792 4018 aut
812 3978 862 4034 pro
881 3965 1087 4036 qualecumque
1099 3977 1182 4017 causa
1203 3959 1263 4016 sine

206 4064 323 4136 epistola
343 4063 416 4133 regis
437 4068 485 4119 aut
505 4062 564 4118 sine
585 4063 726 4118 voluntate
744 4061 834 4133 judici
857 4062 920 4124 sui;
948 4070 975 4116 et
1003 4061 1053 4132 qui
1075 4060 1127 4115 boc
1155 4057 1261 4122 lecerit,

206 4170 346 4235 conponat
367 4161 505 4231 widrigild
526 4176 609 4216 suum

287 4260 373 4332 (Vll.)
403 4263 436 4317 ἵ.
467 4261 506 4316 ue
524 4259 628 4331 judicis
649 4268 677 4314 et
698 4258 732 4312 de
755 4258 894 4314 sculdahis
915 4257 957 4312 vel
978 4263 1103 4320 actores,
1135 4256 1184 4328 qui
1215 4256 1265 4310 bo-

206 4362 295 4418 mines
318 4367 445 4432 potentes
467 4359 610 4414 dimittunt
630 4359 665 4412 ad
686 4373 748 4414 casa
770 4357 804 4410 de
826 4355 967 4419 exercitu3
1001 4357 1049 4428 qui
1072 4355 1126 4411 boc
1147 4355 1262 4422 iaciunt,

208 4465 349 4531 conponat
369 4457 441 4514 sicut
461 4457 577 4514 Edictus
597 4457 723 4513 continet
743 4454 857 4527 pagina.
