3022 5144
538 539 675 584 eurcruu
699 539 766 587 cie.
787 535 929 580 rao-iae.
1198 525 1260 588 108

95 675 99 684 ¹
203 689 293 746 adlruc
313 689 402 762 major
427 687 531 746 malitia
560 695 602 746 eet
622 688 736 762 quando
758 689 843 748 homo
872 689 907 745 ad
928 689 1074 748 molierem
1095 707 1172 749 suam
1191 691 1262 750 inle-

203 788 290 844 citum
309 787 457 844 consilium
479 786 591 857 tribuit,
624 804 707 860 quam
737 788 761 844 si
788 789 823 845 ad
853 790 972 845 alterum
993 788 1136 847 hominem
1157 791 1261 854 malum

203 884 350 942 consilium
373 885 495 944 dedissit

283 979 352 1055 (fl.)
383 985 463 1040 181.
496 981 525 1038 Si
546 981 609 1056 quis
630 981 838 1039 comendaverit
858 998 903 1038 res
923 999 986 1040 suas
1013 983 1042 1040 in
1064 983 1261 1059 cujuscumque

204 1095 265 1134 casa
288 1079 322 1134 de
344 1079 514 1135 conlibertos
535 1095 600 1135 suos
622 1078 712 1135 libero
734 1079 894 1150 hominem,
922 1087 949 1136 et
978 1081 1133 1153 contegent
1160 1089 1190 1139 ut
1213 1085 1262 1141 ad·

204 1177 319 1233 veniens
342 1178 384 1232 lur
405 1195 448 1233 res
469 1178 543 1250 ipsas
565 1177 715 1247 furaverit,
747 1184 775 1234 et
802 1178 861 1250 ipse
888 1178 919 1235 in
941 1179 1018 1251 cujus
1039 1196 1102 1237 casa
1123 1179 1197 1253 ipses
1217 1199 1262 1239 res

204 1274 314 1331 fuerunt
334 1275 510 1345 reddederit,
544 1283 590 1332 aut
610 1275 632 1331 si
661 1293 717 1331 non
740 1274 889 1332 redderent
917 1283 1008 1333 tamen
1037 1278 1154 1335 reddere
1176 1278 1260 1338 debit.

202 1374 238 1428 Et
258 1390 310 1429 nos
330 1371 367 1429 ita
387 1373 531 1430 statuimus
553 1380 580 1429 et
600 1373 772 1443 diffinimus,
805 1380 835 1430 ut
865 1375 913 1447 qui
942 1392 986 1432 res
1013 1375 1118 1434 alienas
1148 1393 1261 1434 comen·

204 1471 280 1528 datas
311 1471 484 1542 susceperit,
519 1478 547 1527 et
582 1489 628 1529 eas
662 1471 840 1544 perdederit‚
884 1473 1010 1552 restituet
1041 1490 1085 1530 res
1118 1473 1192 1547 ipsas
1219 1475 1263 1533 cui

204 1569 331 1631 luerenta
351 1575 379 1623 et
399 1569 421 1624 si
443 1576 537 1640 postea
560 1569 618 1642 ipse
641 1569 727 1624 lurtus
741 1568 871 1624 inventus
884 1569 975 1639 fuerit,
998 1570 1030 1626 ei·
1041 1579 1183 1644 conponat
1202 1570 1262 1646 ipse

203 1667 289 1722 furtus
316 1665 351 1722 de
382 1665 459 1722 cuius
480 1683 572 1723 casam
592 1665 664 1738 ipsas
687 1681 730 1721 res
751 1665 842 1738 rapuit
861 1672 908 1722 aut
938 1666 1048 1723 furavit.
1093 1669 1165 1737 Quia
1196 1670 1261 1728 ideo

201 1764 255 1820 hoc
277 1764 488 1836 prospeximus,
523 1763 657 1836 quoniam
685 1763 708 1819 si
738 1763 779 1818 illi
809 1771 950 1836 conponat
979 1764 1070 1836 ipsum
1092 1766 1194 1823 furtum
1216 1769 1260 1825 cui

201 1879 244 1918 res
264 1862 338 1934 ipsas
360 1862 451 1931 luerit,
475 1868 570 1933 postea
592 1861 640 1917 ille
662 1860 739 1932 cujus
760 1877 851 1917 casam
873 1860 948 1933 rupit
968 1868 1098 1934 quereret
1118 1869 1260 1935 rupturam

201 1977 264 2016 case
285 1977 366 2018 suae:
396 1968 424 2015 et
452 1975 508 2014 non
540 1975 685 2031 possumus
715 1959 744 2014 in
776 1975 860 2015 unam
881 1976 992 2015 causam
1021 1959 1088 2016 duas
1109 1961 1261 2019 calomnias

202 2057 341 2130 inputare.
368 2057 488 2128 ideoque
510 2057 550 2112 sic
571 2056 652 2112 nobis‘
670 2056 774 2128 justum
796 2056 858 2126 suit,
881 2063 912 2112 ut
931 2056 978 2112 ille
1000 2055 1047 2129 qui
1068 2073 1112 2113 res
1132 2073 1194 2114 suas
1215 2076 1262 2115 co-

201 2155 343 2212 mendavit
363 2155 486 2227 receptat
507 2171 553 2211 eas
574 2155 609 2212 ab
630 2156 709 2228 ipso,
733 2155 768 2210 de
789 2154 866 2226 cujus
887 2171 950 2211 casa
970 2154 1132 2228 perierunt;
1154 2162 1181 2212 et
1201 2157 1261 2229 ipse

138 2249 144 2260 ”
201 2257 236 2311 dc
257 2255 335 2326 euJus
356 2270 417 2310 casa
439 2253 583 2326 perierunt
604 2260 651 2309 aut
671 2253 761 2325 ipsum
784 2253 886 2308 lurtum
914 2253 998 2309 exivit
1025 2261 1124 2326 querat
1144 2255 1178 2310 ab
1199 2254 1261 2327 ipso

201 2355 299 2410 furone
321 2351 565 2424 conpositionem,
596 2357 623 2406 et
644 2352 723 2407 tollat
744 2350 815 2407 sicut
835 2351 879 2406 lex
900 2357 958 2406 est:
983 2351 1090 2424 etipse
1112 2351 1172 2421 fur,
1195 2351 1262 2410 lecit

200 2451 361 2508 malefactor
381 2449 425 2519 sit,
449 2467 505 2506 non
528 2450 628 2506 habeat
649 2451 683 2505 de
705 2465 760 2505 una
782 2464 863 2505 causa
886 2449 953 2504 duas
975 2449 1137 2505 calomnias.

152 2621 154 2624 ι
281 2547 358 2622 (ΠΙ.)
389 2551 472 2606 loe.
505 2547 534 2604 Si
562 2547 623 2620 quis
653 2546 844 2602 fraudolenter
864 2545 958 2603 tolerit
977 2547 1107 2604 ancillam
1128 2547 1259 2615 alienam,

200 2654 228 2705 et
248 2645 348 2703 dixerit
368 2646 443 2718 quod
465 2662 526 2701 eam
548 2661 641 2700 servus
662 2650 709 2700 aut
729 2643 818 2700 aldius
839 2642 925 2715 ipsius
952 2643 1052 2701 toliasit
1078 2646 1113 2702 ad
1134 2663 1259 2717 oxorem,

201 2751 229 2802 et
248 2751 344 2817 postea
366 2745 465 2800 veritas
486 2742 635 2799 clarificata
657 2741 739 2797 luerit
759 2740 835 2813 quod
857 2757 914 2796 non
937 2759 998 2798 eam
1020 2742 1079 2814 ipse
1101 2760 1194 2801 servus
1215 2750 1263 2801 aut

201 2844 290 2900 aldius
311 2842 428 2899 tolissit:
452 2847 532 2909 tunc,
556 2839 677 2913 primum
699 2839 837 2909 omnium,
859 2839 958 2896 reddat
977 2839 1069 2913 ipsum
1090 2841 1260 2916 mancipium

200 2941 276 3012 cujus
298 2940 348 2996 fuit
368 2945 396 2996 et
416 2938 451 2994 sit
471 2938 530 3009 ejus
543 2938 673 2994 ancillam
689 2936 766 3008 cujus
784 2943 864 2993 antea
877 2935 984 3004 fuerat;
1008 2944 1036 2993 et
1056 2939 1102 2995 ille
1123 2938 1170 3011 qui
1189 2939 1261 2998 hanc

200 3039 326 3096 fraudem
347 3037 443 3094 fecerit
473 3038 515 3093 dit
541 3037 657 3108 insuper
685 3035 766 3092 aliam
796 3037 881 3092 talem
902 3036 1033 3124 ancillam
1054 3042 1101 3092 aut
1121 3036 1261 3093 aldianem

201 3135 293 3193 eidem
322 3135 435 3191 homcni
465 3136 509 3193 cui
533 3135 657 3192 fraudem
680 3134 760 3198 fecit,
788 3141 815 3190 et
836 3132 934 3190 reddat
955 3151 1054 3206 operas
1076 3134 1111 3191 de
1131 3134 1191 3207 ipsa
1213 3152 1262 3191 an-

201 3234 293 3292 cillam
314 3250 399 3307 quam
420 3234 610 3291 fraudolenter
630 3232 703 3302 tulit,
728 3232 861 3305 quamdiu
883 3249 943 3288 eam
966 3232 1063 3288 habuit
1084 3238 1151 3304 aput
1170 3249 1207 3291 sc.

281 3329 370 3404 (ΠΗ.)
391 3335 475 3389 188.
498 3331 528 3389 Si
550 3332 612 3404 quis
632 3331 705 3387 liber
722 3331 807 3386 lromo
829 3331 859 3385 in
878 3346 971 3387 casam
987 3330 1107 3388 alienam
1124 3329 1263 3388 introierit

200 3431 235 3487 ad
255 3430 440 3486 resedendum
460 3429 530 3488 etei
548 3447 662 3488 censum
675 3429 861 3494 reddendum,
888 3435 916 3485 et
932 3436 1027 3502 postea
1044 3428 1150 3503 aliquid
1165 3429 1263 3487 emerit

200 3530 236 3586 de
256 3528 311 3584 illis
331 3528 414 3584 rebus
434 3545 504 3601 quas
525 3545 620 3585 seeum
637 3527 754 3585 adduxit
773 3528 886 3600 quando
907 3527 937 3583 in
951 3525 1041 3598 ipsam
1059 3543 1151 3583 caram
1165 3526 1262 3583 introi-

200 3626 248 3696 vit,
272 3632 319 3682 aut
339 3625 469 3684 forsitans
484 3627 613 3685 habuerit
633 3643 677 3684 res
694 3628 729 3682 de
740 3625 887 3684 mulierem
900 3643 977 3682 suem
994 3633 1023 3682 et
1035 3626 1138 3682 exinde
1153 3625 1259 3694 emerit,

200 3730 228 3780 et
249 3731 392 3796 provatum
413 3726 514 3790 luerit3
545 3732 611 3781 tunc
631 3725 724 3797 ipsum
751 3723 895 3795 negotium
916 3724 1038 3780 dimittat
1057 3722 1087 3780 in
1109 3724 1197 3796 ipsam
1217 3739 1262 3779 ca·

201 3839 271 3892 sam,
294 3829 323 3879 et
343 3823 459 3895 recipiat
479 3823 598 3895 pretium
620 3839 710 3878 suum.
753 3823 790 3880 Et
810 3822 869 3895 ipsa
883 3817 1016 3895 'provallo
1037 3823 1066 3878 in
1088 3822 1141 3877 hoc
1162 3820 1261 3877 ordine

202 3921 299 3978 deveat
320 3920 393 3990 lieri,
417 3928 447 3977 ut
467 3921 580 3993 quando
602 3922 637 3977 de
658 3920 742 3978 rebus
762 3920 887 3977 mulieris
907 3937 973 3977 suae
1001 3918 1107 3992 aliquid
1128 3934 1262 3991 conpara-

200 4019 280 4089 verit,
303 4019 421 4077 adducat
441 4020 570 4076 homenis
591 4019 637 4093 qui
659 4019 749 4076 sciant
768 4020 845 4092 quod
866 4018 956 4092 ipsum
978 4015 1102 4090 precium
1123 4016 1158 4072 de
1179 4017 1262 4073 rebus

201 4117 324 4174 mulieris
345 4134 410 4175 suae
430 4118 486 4183 sit3
518 4125 548 4174 ut
578 4133 689 4174 caueam
718 4117 807 4190 ipsam
839 4134 896 4173 non
925 4117 1019 4173 veniat
1038 4115 1074 4171 ad
1095 4115 1258 4188 perjurium,

201 4216 251 4273 sed
272 4216 384 4288 quaudo
405 4215 522 4272 voluerit
539 4215 632 4288 jurare
653 4216 729 4288 quod
751 4216 786 4272 de
813 4215 896 4273 rebus
917 4213 1040 4271 mulieris
1071 4229 1137 4270 suae
1158 4229 1262 4285 conpa-

201 4314 339 4371 rationem
360 4315 431 4370 lacta
452 4313 551 4382 fuissit,
573 4320 600 4368 et
621 4313 662 4370 illi
684 4313 761 4370 testis
777 4313 895 4371 firmiter
916 4313 1006 4370 sciant
1026 4319 1054 4368 et
1071 4311 1175 4384 iurent,
1196 4310 1261 4383 quia

201 4413 377 4483 iatersotmue
397 4414 508 4483 parando
528 4414 588 4483 lpse
609 4414 768 4483 conparatio
789 4414 823 4468 de
842 4414 921 4470 retro
941 4411 1063 4468 molleta
1083 4412 1168 4482 ἐρείπια
1186 4410 1261 4478 sactu

203 4519 257 4570 eet.-
285 4518 314 4570 et
332 4511 373 4570 sic
392 4515 488 4585 postea
508 4507 625 4581 recipiat
645 4509 765 4582 pretium
786 4525 885 4576 suum,
916 4515 944 4568 et
971 4508 1033 4582 ipso
1054 4505 1198 4581 negotium
1217 4522 1262 4566 re-
