3022 5144
223 515 286 578 tto
608 531 793 574 nrurenunnr
816 529 905 574 aucus

218 687 315 750 tertie,
340 685 384 740 die
403 681 580 740 bunuorum
598 683 779 750 menteomni,
800 683 949 738 indictione
970 681 1061 750 tertia,
1084 679 1275 752 submersus

218 801 269 856 qne
289 791 370 840 uuteu
389 799 444 840 non
464 789 541 838 erum
561 783 700 844 institute,
723 781 796 836 ende
816 781 987 852 eoquorum
1008 795 1062 836 esee
1080 781 1275 842 lunationum

218 890 248 940 nt
268 884 365 939 amodo
384 883 460 939 nullu
480 883 514 937 sit
530 880 780 954 judicibmncrtris
799 881 847 949 qui
858 880 986 950 judicare
1000 879 1095 934 debent
1112 878 1275 948 qualiscum-

219 997 270 1052 que
289 981 421 1045 dubietas,
443 981 490 1036 eud
508 981 622 1050 firmiter
638 979 744 1050 poesim
755 979 898 1034 decernere
917 979 986 1034 nect
1006 977 1059 1046 bic,
1082 975 1140 1032 Deo
1154 976 1273 1044 (mente,

219 1079 430 1135 adnotavimus:
452 1079 482 1132 id
503 1083 540 1134 ert
559 1078 591 1132 iu
610 1077 704 1148 primis

298 1171 348 1248 (1.)
385 1174 471 1231 14³.
501 1173 531 1229 Si
553 1173 749 1245 cujuscumque
770 1187 863 1228 sersus
884 1177 931 1227 aut
951 1170 1098 1237 ancillam,
1121 1169 1212 1227 aldius
1233 1169 1275 1225 rel

218 1271 320 1330 aldium
340 1271 370 1328 in
392 1271 538 1327 ecclesiam
558 1271 610 1327 Dei
632 1269 793 1339 coniugium
814 1269 929 1338 iecerit,
963 1274 991 1324 et
1010 1268 1140 1325 dominns
1161 1268 1205 1324 rel
1227 1282 1276 1339 pa·

217 1375 314 1428 bonus
336 1384 433 1426 eorum
461 1374 509 1425 aut
537 1384 587 1441 per
611 1385 640 1424 se
669 1374 716 1424 aut
742 1382 793 1439 per
811 1365 911 1423 missos
931 1381 997 1422 suos
1017 1366 1119 1424 exinde
1139 1365 1277 1422 violenter

217 1467 347 1532 traxerit,
379 1473 522 1539 conponat
542 1464 681 1536 widrigild
701 1481 751 1521 suc
772 1464 802 1521 in
823 1463 1008 1537 suprascripta
1029 1472 1123 1522 sancta
1144 1463 1274 1522 baselica.

216 1567 253 1624 Et
272 1567 295 1622 si
316 1580 410 1622 servus
431 1566 474 1620 rel
495 1565 584 1622 aldius
605 1564 666 1621 sine
687 1565 827 1620 voluntate
845 1562 952 1619 domini
973 1563 1015 1619 sui
1037 1563 1091 1620 boc
1111 1564 1215 1620 malum
1236 1562 1276 1617 ie·

216 1663 301 1733 uerit,
324 1663 372 1719 det
391 1661 452 1734 ipso
472 1679 552 1719 serre
574 1669 620 1718 aut
641 1661 753 1718 aldione
774 1675 825 1734 pro
846 1659 938 1733 ipsum
958 1661 1062 1717 malum
1083 1661 1112 1718 in
1133 1679 1218 1718 manu
1240 1661 1275 1720 de

211 1759 340 1818 custodes
370 1759 456 1833 ipsius
484 1761 642 1826 baselicae;
675 1766 703 1815 el
731 1757 790 1832 ipse
815 1753 946 1815 dominus
974 1761 1016 1816 vel
1043 1765 1176 1832 mucuns
1196 1759 1275 1817 satis·

211 1857 295 1916 iaciat
314 1873 365 1932 per
384 1865 607 1922 sacramentum,
630 1857 706 1929 quod
727 1872 777 1929 per
797 1856 884 1929 ipsios
906 1858 1077 1914 voluntatem
1097 1858 1151 1916 boe
1171 1858 1273 1915 iactum

211 1973 268 2013 non
290 1956 389 2021 fuissit,
414 1955 554 2028 elipeum
576 1954 715 2024 widrigild
737 1969 818 2010 suum
840 1969 897 2009 non
919 1962 1072 2027 conponat.

291 2053 356 2128 (ii.)
377 2055 464 2110 146.
486 2052 517 2108 Si
538 2051 611 2125 quis,
635 2052 763 2108 timorem
783 2051 835 2108 llel
852 2051 1003 2119 inmemor,
1027 2070 1078 2126 pro
1093 2053 1272 2126 cupiditatem

213 2157 324 2209 terrena
345 2158 460 2224 propter
472 2151 683 2223 qualiscumque
695 2167 756 2206 rem
774 2149 865 2206 sciens
881 2165 910 2206 se
926 2150 1116 2223 perjuraverit,
1140 2158 1168 2208 et
1178 2159 1273 2225 postea

211 2249 355 2307 inventum
376 2255 405 2304 et
424 2248 571 2319 probatum
593 2247 675 2305 luerit
695 2247 772 2320 quod
788 2247 957 2319 perjurassit,
981 2249 1165 2308 teneamittat
1184 2250 1273 2325 ipsam

209 2364 269 2404 rem
290 2363 341 2420 pro
363 2362 418 2419 qua
439 2362 469 2403 se
490 2345 651 2418 perjuravit,
674 2350 701 2402 et
722 2345 824 2402 babeat
845 2361 907 2402 eam
928 2345 988 2418 ipse
1009 2347 1054 2404 cui
1070 2355 1167 2406 contm
1188 2349 1273 2407 ratiu-

211 2461 277 2502 nem
294 2444 417 2517 jurarit3
440 2443 571 2516 insuper,
594 2443 659 2517 quia
680 2449 708 2500 ct
728 2443 757 2500 in
778 2459 809 2500 se
828 2443 904 2518 ipsu,
926 2449 964 2514 el,
988 2445 1063 2517 quod
1084 2447 1146 2518 plus
1167 2453 1219 2516 est,
1242 2448 1271 2503 in

209 2545 270 2600 Deo
292 2541 425 2615 peccarit,
449 2548 477 2598 et
498 2540 608 2613 negarit
627 2541 712 2599 iidem
733 2557 827 2606 suam,
852 2548 879 2599 et
900 2542 1048 2614 periuravit
1067 2545 1190 2602 Domino
1211 2546 1271 2601 Deo

210 2657 271 2708 suo,
295 2647 322 2697 et
342 2639 507 2712 sibimetipsi
529 2655 586 2695 non
608 2639 743 2712 pepercit,
765 2647 908 2712 conponat
926 2640 1103 2698 medietatem
1124 2641 1159 2699 de
1180 2640 1272 2698 widri-

212 2738 270 2810 gild
291 2755 341 2794 suo
363 2737 389 2794 ei
409 2737 454 2795 cui
475 2737 634 2810 perjuravit.

291 2833 375 2910 (tlt).
397 2837 477 2892 142.
498 2835 658 2891 Recolimus
678 2835 753 2891 enim
775 2835 894 2907 qualiter
910 2837 967 2908 J'am
989 2829 1071 2894 antea
1090 2837 1269 2906 instituimus,

209 2939 241 2991 ut
272 2933 295 2991 si
323 2933 385 3007 quis
412 2931 552 2989 decedens
579 2931 614 2987 de
644 2931 716 2988 banc
746 2931 800 2988 vitu
828 2933 972 3005 reliquerit
997 2934 1082 2991 filiam
1109 2953 1195 2993 unam
1224 2941 1272 2992 aul

209 3033 314 3106 plures,
336 3038 364 3088 et
384 3045 495 3087 sorores
515 3029 545 3086 in
567 3028 668 3102 capillo
688 3028 817 3086 similiter
837 3047 922 3087 unam
942 3037 989 3088 aut
1009 3033 1118 3104 plures,
1147 3040 1179 3091 ut
1199 3034 1272 3107 pari·

211 3136 255 3187 ter
276 3136 359 3204 atque
381 3127 517 3202 equaliter
537 3143 646 3184 sorores
666 3133 694 3184 et
714 3126 788 3183 filiae
810 3127 836 3185 ei
864 3128 1013 3186 succedere
1038 3131 1158 3199 debant3
1191 3139 1219 3190 et
1247 3131 1269 3188 si

210 3243 298 3285 soron
316 3228 347 3284 in
370 3225 471 3300 capillo
493 3225 653 3296 desederit,
686 3241 767 3281 soror
787 3225 835 3299 qui
858 3227 1023 3284 remanserit
1041 3229 1169 3287 similiter
1181 3230 1270 3288 sorori

210 3343 276 3383 suae
297 3325 435 3383 succedat.
475 3325 563 3383 Modo
585 3341 651 3380 rere
676 3323 741 3396 quia
760 3323 881 3381 intentio
903 3334 999 3384 exorta
1018 3333 1061 3383 est
1080 3328 1154 3384 inter
1173 3329 1270 3386 iratres

210 3430 238 3480 et
258 3438 368 3480 sorores
388 3422 423 3477 de
444 3428 529 3494 nepte
551 3438 605 3494 que
632 3421 662 3479 in
684 3421 785 3496 capillo
809 3430 919 3480 mortua
940 3425 1040 3495 iuerat,
1062 3426 1269 3484 altercationem

209 3525 347 3596 ponentes
369 3518 432 3592 quis
452 3519 479 3576 ei
499 3521 648 3602 succedere
663 3520 800 3577 deberit:
827 3522 992 3594 statuimus,
1020 3531 1052 3580 ut
1083 3525 1182 3583 barbas
1211 3527 1270 3598 ejus

209 3620 238 3677 in
261 3617 338 3690 cujus
358 3615 505 3674 mundium
526 3618 595 3688 init,
624 3618 684 3692 ipse
705 3619 731 3676 ei
749 3610 883 3677 succedat
901 3619 931 3677 in
953 3622 1013 3694 ejus
1034 3624 1181 3696 portione3
1204 3642 1269 3683 nam

211 3715 354 3775 amedanis
374 3713 461 3788 ipsius
483 3716 518 3772 de
540 3717 598 3788 ejus
619 3717 749 3790 portione
776 3719 846 3775 nibil
873 3719 1046 3794 percipiant,
1078 3722 1131 3780 nisi
1161 3729 1269 3782 tantum

210 3816 331 3874 babeant
352 3819 487 3887 quantum
507 3814 530 3871 si
551 3812 645 3872 virens
667 3815 756 3872 iuissit
775 3817 837 3890 ipsa
858 3825 955 3892 neptes
976 3837 1080 3880 earum.

290 3908 382 3987 (titt.)
408 3913 492 3970 148.
515 3912 545 3968 Si
566 3913 629 3986 quis
650 3913 787 3970 invenerit
807 3915 893 3971 libera
914 3917 1061 3980 mulierem
1081 3925 1128 3976 aut
1147 3921 1268 3993 puellam

175 4015 178 4022 '
211 4027 261 4084 per
287 4025 415 4082 campum
440 4027 520 4066 suum
547 4011 712 4069 seminatum
734 4013 922 4069 ambulantem
943 4023 970 4070 et
989 4016 1062 4072 riam
1083 4016 1264 4089 indicantem,

210 4107 334 4182 piguerit
352 4123 425 4176 eam,
448 4114 476 4164 et
496 4116 624 4181 parentes
645 4116 692 4166 aut
711 4111 863 4167 mundoald
883 4111 942 4184 ejus
961 4121 1122 4186 conponant
1137 4132 1187 4188 pro
1208 4116 1267 4190 ipsa

208 4205 314 4262 solidos
333 4221 402 4273 sex,
432 4205 504 4262 sicut
523 4208 568 4263 lex
589 4213 648 4272 esl3
677 4223 742 4264 nam
763 4207 786 4264 si
813 4208 873 4280 ipsa
893 4210 1123 4283 conprehendere
1144 4231 1268 4286 presum-
1343 4215 1345 4220 ’

207 4303 313 4394 pectit,
343 4310 374 4359 et
400 4301 435 4358 ad
458 4319 552 4360 casam
579 4321 657 4360 suam
685 4307 804 4376 legatam
831 4313 879 4364 aut
904 4308 1123 4369 submanicata'm
1144 4313 1264 4382 duxerit,

211 4407 354 4473 conponat
373 4398 480 4456 solidos
500 4410 623 4471 centum,
646 4403 824 4459 medietatem
843 4404 923 4476 regi,
945 4413 974 4463 el
992 4407 1169 4467 medietatem
1190 4411 1266 4483 eujus

210 4513 292 4556 cansa
313 4505 372 4564 est;
401 4496 440 4554 sic
470 4504 562 4555 tamea
594 4504 623 4556 ut
650 4499 811 4574 conponis
839 4500 886 4558 illu
908 4503 943 4560 de
969 4519 1019 4562 sex
1040 4507 1136 4565 solidis
1155 4508 1185 4566 iu
1206 4507 1264 4582 ipsa
