3048 5130
635 511 821 596 mm!
844 511 934 558 nats

608 864 743 940 ntuli
759 864 924 992 tolum
1147 995 1149 1000 Ι
1257 945 1259 950 ,

413 1029 860 1162 olorensem
894 1030 1120 1142 oculo.

547 1304 675 1357 INCIPIT
692 1305 737 1356 ott
756 1304 851 1358 Auno
870 1305 989 1358 numo,

456 1408 552 1478 (Pridie
570 1413 692 1466 kalendas
711 1417 825 1474 murum,
846 1425 913 1466 anno
931 1411 1082 1481 uccxut)

577 1517 770 1581 VOLUMEN
792 1519 955 1586 PRIMUM.

317 1641 400 1716 lepos
420 1661 487 1715 quas
506 1645 668 1702 christianus
684 1661 717 1700 ae
729 1645 871 1700 catholicus
886 1648 1010 1716 princeps
1026 1647 1166 1702 instituere
1186 1653 1210 1702 et
1227 1663 1296 1716 pru·

240 1743 334 1796 denter
353 1757 458 1797 censere
478 1743 608 1812 disponit,
629 1759 685 1797 non
704 1757 754 1798 cua
771 1743 961 1813 procidentia,
991 1744 1037 1798 scel
1057 1742 1109 1798 Dei
1128 1749 1194 1799 notu
1212 1745 1236 1798 it
1251 1744 1297 1797 in-

238 1840 386 1909 spiratione
407 1856 452 1894 eas
471 1841 562 1894 animo
577 1841 704 1910 concepit,
727 1847 814 1896 macte
831 1847 988 1911 pertractat,
1012 1849 1036 1895 et
1056 1841 1200 1896 salubriter
1220 1855 1298 1910 opere

239 1938 353 2008 conplit,·
382 1939 448 2008 quia
475 1953 520 1992 cor
539 1939 611 2010 repis
637 1940 668 1994 in
687 1954 770 1993 mano
789 1936 841 1993 Dei
862 1944 918 2003 est,
950 1945 1079 1994 atestantc
1099 1938 1296 2008 sapientissimo

239 2033 417 2098 Salomonem,
441 2036 488 2105 qui
509 2036 568 2090 ait:
590 2034 687 2104 „Sicut
704 2037 814 2106 impitus
837 2051 933 2107 aquae,
956 2037 996 2092 ito
1017 2053 1063 2092 aar
1078 2037 1150 2106 repis
1171 2036 1295 2090 inmane

239 2130 311 2201 „Dei
316 2151 325 2198 ;
337 2134 363 2187 si
376 2133 490 2188 tenuerit
504 2149 558 2202 eas,
577 2135 669 2189 munia
681 2135 868 2198 accubantum
884 2137 908 2190 si
922 2141 1011 2190 autem
1020 2135 1158 2189 clementer
1168 2149 1213 2188 eas
1228 2133 1294 2186 emi-

238 2232 332 2298 „serit
344 2229 471 2286 uniuersa
482 2231 651 2302 ineipantur,
666 2239 690 2288 et
700 2232 1038 2302 replentursuaoitatem.“
1061 2229 1177 2300 Quidem
1193 2237 1218 2286 et
1227 2245 1294 2300 apa-
1347 2273 1350 2279 .

238 2329 322 2384 stulus
337 2326 449 2384 Domini
464 2327 582 2384 lacobus
594 2329 625 2384 in
639 2330 750 2399 epristola
759 2346 810 2384 sua
822 2331 864 2384 ita
880 2331 1088 2385 coenaturus:
1101 2325 1234 2398 „Orionem
1247 2329 1295 2382 ‹la-

239 2441 323 2494 „num
332 2426 460 2495 optimum
477 2432 501 2480 st
516 2442 620 2482 omnem
630 2427 724 2482 datum
731 2427 877 2496 perfeetum
888 2428 921 2482 as
935 2443 1041 2482 emtum
1051 2434 1098 2500 est,
1111 2421 1267 2484 discendens
1277 2441 1296 2480 a

237 2531 313 2594 patre
333 2521 493 2580 luminum.“
534 2522 587 2578 His
607 2540 670 2594 erpo
691 2524 815 2594 capletis,
837 2525 993 2592 recolimus,
1016 2526 1146 2594 quoniam
1164 2525 1294 2582 rouuuic·

237 2623 321 2677 simus
342 2623 460 2676 decessor
485 2627 575 2676 noster
602 2627 682 2692 atque
702 2623 928 2678 eminentissimus
956 2621 1104 2678 llotlsari
1132 2639 1195 2690 rec,
1227 2623 1322 2678 sicut,

237 2721 293 2791 ipse
313 2724 350 2774 est
371 2720 401 2775 in
421 2719 528 2789 scriptis
553 2719 652 2789 offatm
672 2720 742 2786 suis,
765 2721 888 2790 superius
907 2722 938 2775 in
957 2720 1148 2794 Lampeiardis
1168 2719 1296 2776 Edictum

238 2818 378 2872 reuocauit
398 2823 478 2886 atque
497 2817 633 2880 instituit,·
655 2817 702 2872 ubi
723 2824 747 2872 et
765 2819 912 2888 prusinum
932 2819 980 2873 lcoc
994 2820 1112 2874 iruerere
1126 2819 1231 2874 curauit
1251 2817 1295 2872 di-

238 2931 308 2982 cem,
331 2915 355 2969 si
376 2916 436 2985 quis
456 2915 502 2969 ille
515 2913 761 2985 Lnnpolardorum
773 2917 897 2986 princeps
918 2917 973 2987 ejus
987 2933 1118 2972 successor
1132 2916 1296 2986 nperlluuns

238 3013 305 3083 quid
324 3012 395 3067 iniit
413 3013 558 3082 reperiret,
582 3027 615 3069 asc
636 3029 665 3067 eo
685 3014 820 3084 sapienter
840 3013 975 3081 auferret,
1005 3020 1029 3068 et
1050 3013 1230 3084 quodminus
1250 3013 1295 3067 iu-

238 3111 350 3177 emerit,
371 3108 429 3164 Deo
449 3111 502 3165 sill
521 3111 672 3181 inspirante
692 3112 815 3167 alliserit.
847 3111 910 3166 Post
929 3112 978 3166 lcoc
998 3113 1070 3166 enirn
1089 3111 1296 3182 animosissimus

239 3203 464 3264 Grimosoald
483 3224 551 3276 rea,
575 3224 644 3279 quae
663 3209 705 3264 illi
725 3209 869 3264 secundum
889 3206 948 3263 Deo
966 3209 1069 3279 placita
1088 3210 1218 3278 sucmsnt,
1241 3210 1295 3263 mi-

237 3307 298 3362 nuit
317 3311 341 3359 et
361 3305 507 3375 ampliavit.
539 3303 619 3377 (liujus
639 3323 688 3362 nos
707 3323 832 3362 nonomen
852 3314 997 3384 sequanas,
1024 3309 1165 3375 diuinitus,
1188 3313 1218 3363 ut
1238 3323 1295 3362 ere-

238 3405 335 3472 dimus,
358 3404 496 3474 inspirati,
519 3406 603 3461 simil
621 3407 701 3461 modo
722 3421 754 3461 ea
774 3421 843 3476 puae
857 3407 941 3478 juata
962 3407 1043 3478 lepern
1062 3406 1115 3462 Dei
1134 3407 1212 3462 nolis
1232 3421 1296 3461 con-

238 3519 307 3574 prua
324 3509 475 3574 purununt
496 3504 651 3560 subtrahere
671 3511 696 3560 ct
717 3506 818 3560 addus
835 3507 1022 3576 providemus,
1051 3508 1120 3562 sicut
1140 3513 1163 3560 et
1183 3507 1215 3562 in
1232 3519 1296 3576 pre·

239 3607 338 3656 seruent
355 3601 487 3671 popinam
507 3604 622 3658 scrivere
636 3603 776 3673 jussimus.

318 3695 358 3754 On
379 3700 427 3754 lcoc
447 3717 494 3772 epo
513 3702 545 3756 in
564 3699 617 3755 Dei
630 3701 818 3770 omnipotentis
831 3703 939 3756 nomine
950 3700 1148 3772 Liutprantl
1168 3700 1295 3758 eccum-

239 3798 355 3854 tissimus
372 3798 534 3854 christianus
555 3805 579 3854 et
596 3799 739 3854 catholicus
758 3796 816 3853 Deo
833 3800 944 3854 diaetae
959 3801 1045 3870 pontis
1053 3799 1297 3871 Lanpoiarslorum

239 3910 305 3963 rec,
328 3911 415 3964 anno,
438 3895 495 3952 Deo
513 3903 682 3973 protepeute,
705 3899 784 3968 repni
803 3899 856 3952 mei
873 3899 982 3968 puma,
1008 3899 1099 3968 pridie
1119 3897 1296 3954 lalmdaruns

237 3994 410 4062 martianam,
432 3995 581 4050 indictione
600 3996 754 4062 undecima,
777 4012 834 4051 una
854 4011 913 4051 cum
933 3996 1056 4052 omnibus
1070 3995 1210 4066 judicibus
1230 3996 1296 4052 neu

240 4098 296 4148 tam
316 4093 349 4148 ae
368 4087 495 4149 Austriae
514 4100 538 4148 et
557 4092 701 4149 Nesutciae
717 4093 842 4163 partibus
861 4110 909 4148 nec
928 4110 984 4148 non
1004 4099 1028 4148 et
1049 4093 1083 4146 ae
1103 4091 1214 4148 Tusciae
1232 4094 1296 4163 tini-

241 4191 303 4256 iuc,
325 4192 367 4246 oel
387 4207 446 4248 curn
465 4193 576 4263 reliquis
594 4191 724 4259 fidelibus
743 4190 1038 4263 numismatorum
1071 4197 1095 4246 et
1126 4198 1218 4248 ainata
1246 4209 1296 4264 pa-

238 4290 301 4360 pulo
321 4290 475 4358 adsietente,
497 4291 561 4346 laec
579 4290 657 4344 nobis
673 4306 809 4345 commune
826 4290 937 4345 consilio
952 4289 1036 4359 juata
1056 4289 1088 4344 oi
1108 4287 1160 4344 Dei
1175 4292 1298 4346 timorem

240 4395 338 4458 utqum
367 4404 485 4443 amorem
514 4404 546 4444 ac
575 4394 670 4443 cancta
697 4395 895 4458 conposuerunt
925 4393 949 4442 sl
974 4388 1154 4458 plamersmt:
1178 4391 1298 4460 primurn

243 4500 363 4541 omnium
