3048 5130
224 495 267 558 stt
599 513 785 559 crematum
808 512 898 557 nuere

303 662 339 738 (1.
362 664 403 721 De
423 667 610 722 successionem
629 661 773 737 litterum.)
814 665 848 720 1.
870 661 900 720 si
922 662 984 736 quis
1001 661 1201 733 tangebamus
1218 661 1278 718 sine

224 764 286 820 tiliis
309 761 467 819 masculinis
489 762 625 833 legetimis
646 768 770 817 mertuos
793 761 894 832 tuerit,
928 768 956 817 et
986 761 1056 817 filias
1084 759 1275 832 dereliquerit,

224 862 282 934 ipse
304 860 329 916 ci
352 861 379 916 in
401 876 513 916 emnem
539 859 721 916 hereditatem
747 859 833 931 patris
860 859 903 916 vel
931 859 1112 915 matrissuae
1138 865 1278 930 tamquam

222 959 272 1015 tilii
294 958 417 1029 tegetimi
438 957 583 1015 mascelini
606 957 715 1013 heredis
736 957 895 1014 succedant.

273 1071 276 1084 ¹
301 1089 362 1166 (11.)
385 1095 417 1150 2.
456 1091 485 1148 Si
508 1092 569 1164 quis
591 1090 790 1161 langobardus
819 1107 849 1146 se
874 1091 981 1146 vivente
1002 1091 1073 1146 filias
1100 1107 1162 1147 suas
1192 1098 1278 1163 nupto

223 1190 384 1259 tradederit,
399 1198 426 1246 et
435 1190 504 1246 alias
515 1190 543 1245 iu
552 1189 653 1260 capillo
663 1188 690 1243 in
703 1205 764 1244 casa
774 1189 927 1261 reliquerit,
942 1197 1007 1244 tuuc
1018 1205 1116 1245 omues
1128 1189 1281 1262 aequaliter

222 1289 250 1344 in
263 1289 321 1362 ejus
332 1288 484 1345 substantia
496 1287 604 1343 heredis
615 1286 764 1342 succedere
776 1287 897 1343 debeant
910 1293 1051 1359 tamquam
1063 1287 1112 1343 titii
1123 1287 1277 1346 masculini.

302 1419 381 1494 (111.)
403 1424 439 1479 8.
471 1421 500 1475 Si
523 1421 585 1493 quis
607 1421 807 1491 Langobardus
828 1420 932 1476 sororis
947 1420 1104 1493 reliquerit,
1127 1428 1153 1476 et
1171 1421 1279 1476 vivente

224 1537 287 1577 eum
309 1521 344 1576 ad
365 1521 463 1576 marite
485 1519 687 1587 ambulaberit,
720 1526 827 1576 tantum
848 1521 949 1576 habeat
970 1537 1003 1576 ex
1025 1518 1116 1576 fratris
1137 1519 1276 1584 facultate,

221 1615 324 1692 si'ipse
353 1618 423 1676 tilius
450 1617 608 1691 riliquerit‚
642 1625 776 1692 quantum
807 1619 836 1674 in
868 1617 929 1675 diae
956 1625 1084 1674 veterum
1112 1623 1280 1688 aeceperunt

221 1717 333 1790 quande
363 1718 397 1774 ad
426 1717 555 1774 meritum
587 1716 808 1773 ambulaverunt.
851 1717 921 1772 Nam
948 1716 970 1772 si
1000 1717 1059 1788 ipse
1081 1715 1278 1793 fraterneque

221 1815 295 1870 fliius
316 1831 408 1887 neque
429 1814 500 1870 filias
521 1813 676 1885 reliquerit,
700 1822 746 1868 aut
766 1813 788 1869 si
810 1813 938 1871 babuerit
958 1821 986 1868 et
1006 1820 1070 1870 aute
1092 1828 1155 1868 eum
1177 1811 1280 1868 mertui

123 1893 127 1901 ”
221 1919 268 1970 aut
288 1920 413 1970 mortuae
431 1912 540 1968 tuerent
556 1912 661 1982 absque
679 1911 755 1978 tiliis,
779 1911 899 1979 filiabus,
923 1917 989 1967 tuuc
1005 1927 1114 1975 seroces
1131 1910 1200 1982 ejus,
1223 1917 1279 1970 tum

222 2010 320 2084 quiin
342 2010 443 2083 capillo
465 2016 658 2066 remanserunt
678 2025 761 2080 quam
783 2025 837 2080 que
859 2009 894 2064 ad
910 2009 1038 2065 maritum
1055 2009 1275 2077 ambetaverunt,

223 2109 252 2165 in
276 2125 389 2166 emnem
410 2107 594 2164 substantiam
613 2107 670 2179 ejus
693 2106 718 2163 ei
739 2105 849 2162 heredis
870 2107 1007 2178 equaliter
1026 2105 1186 2163 succedant.

303 2240 397 2311 (1111.)
418 2243 455 2298 4.
478 2239 506 2295 Si
524 2239 586 2312 quis
600 2240 800 2310 Langobardus
819 2255 929 2295 sereres
950 2245 979 2295 et
998 2239 1068 2295 filias
1089 2239 1117 2295 in
1136 2239 1236 2310 capillo
1252 2240 1279 2294 in

221 2356 283 2396 casa
304 2337 458 2409 reliquerit,
482 2337 585 2409 pariter
605 2345 687 2410 atque
709 2337 862 2410 aequaliter
879 2343 1102 2409 quantecumque
1119 2337 1229 2392 tuerent
1250 2336 1279 2391 in

221 2436 402 2493 hereditatem
423 2436 481 2508 ejus
503 2436 528 2491 ei
557 2436 706 2492 succedere
729 2437 870 2502 debeant,
905 2442 1046 2508 tamquam
1073 2435 1124 2491 filii
1154 2434 1277 2507 legetimi

221 2534 415 2607 dereliquissit.
1070 2545 1073 2551 ·

301 2655 360 2732 (V.)
382 2658 420 2717 ὅ.
449 2657 478 2713 Si
502 2657 574 2713 filiae
596 2664 642 2714 aut
670 2675 780 2714 sorores
807 2667 903 2715 centra
929 2660 1099 2715 veluntatem
1127 2658 1212 2730 patris
1232 2664 1279 2713 aut

221 2755 311 2812 fratris
333 2755 430 2826 egerit,
455 2762 617 2826 potestatem
633 2755 733 2811 babeat
749 2763 827 2829 paler
848 2764 895 2813 aut
916 2757 999 2812 irater
1014 2755 1158 2828 judicandi
1180 2757 1215 2812 de
1236 2773 1279 2812 re·

221 2855 272 2910 bus
294 2855 349 2911 suis
371 2854 513 2927 quomode
535 2861 582 2910 aut
602 2853 720 2926 qualiter
742 2854 867 2912 vuluerit.
1087 2845 1090 2852 ’

300 2985 371 3062 (Vr.)
394 2990 433 3046 e.
455 2987 485 3043 si
508 2987 641 3058 quislibet
662 2987 880 3057 Langobardus,
909 2991 938 3042 ut
959 2986 1037 3042 babit
1057 3003 1135 3044 casus
1155 2988 1278 3046 humane

221 3085 385 3156 tragilitatis,
409 3084 586 3156 egrotaucrit,
608 3101 777 3159 quamquam
798 3084 826 3140 in
843 3083 945 3140 lectete
963 3084 1091 3156 rejaceat,
1115 3091 1278 3157 potestatem

221 3183 321 3241 babeat
342 3185 408 3240 dum
431 3183 495 3239 vivit
515 3190 543 3239 et
562 3190 637 3239 recte
658 3183 735 3255 toqui
757 3188 848 3253 petest
868 3198 920 3254 pre
948 3182 1040 3238 anima
1066 3199 1113 3238 sua
1132 3183 1277 3255 judicandi

220 3283 262 3337 vel
285 3281 465 3354 dispensandi
488 3281 522 3336 de
544 3280 627 3336 rebus
648 3280 704 3336 suis
724 3279 792 3352 quid
813 3287 860 3335 aul
880 3279 1000 3352 qualiter
1020 3280 1063 3336 eui
1086 3281 1222 3351 veluerit,
1251 3289 1279 3339 et

221 3379 297 3451 qued
315 3378 480 3450 judicaverit
499 3379 627 3435 stabilem
648 3378 749 3434 debeat
770 3394 945 3450 permanere.

301 3525 333 3584 St
353 3545 422 3599 quee
443 3547 520 3587 cuiue
541 3503 584 3586 de,
593 3533 782 3603 suprascriptis
803 3531 946 3601 capitulis,
971 3546 1039 3600 quee
1061 3548 1147 3601 uuper
1167 3533 1197 3586 tu
1215 3548 1278 3602 pre-

221 3628 290 3681 senti
309 3629 412 3698 peqiue
428 3627 520 3683 Edisti
531 3631 624 3706 ¹adfici
635 3631 805 3701 precipimus,
830 3635 912 3684 euleu
933 3630 1076 3683 deliberate
1096 3637 1143 3684 eut
1161 3646 1210 3698 per
1231 3631 1277 3683 de-

221 3728 351 3781 cisionem
370 3726 470 3794 [euitue
491 3735 562 3805 suut,
585 3728 616 3781 tu
637 3744 666 3780 ce
685 3729 765 3782 mede
780 3733 908 3782 menceut
928 3729 995 3782 sicut
1012 3734 1092 3782 euleu
1112 3736 1173 3784 suut
1185 3730 1278 3797 fluitur

221 3825 262 3880 uel
285 3830 414 3888 statutee;
447 3839 515 3894 quae
535 3831 624 3879 eutem
645 3827 788 3880 terminate
815 3833 838 3879 et
856 3842 906 3895 per
926 3827 1086 3880 dieisteueru
1112 3827 1197 3880 decise
1223 3843 1278 3881 uere

220 3929 292 3990 suut,
314 3925 345 3977 iu
365 3939 395 3977 ee
408 3923 504 3977 ordine
519 3923 698 3978 deliberentur
718 3931 742 3978 et
755 3930 893 3989 meueent,
916 3924 1082 3978 sicutmodo
1102 3924 1275 3989 decrevimus,

221 4027 245 4076 et
265 4023 295 4076 iu
316 4022 364 4076 bec
384 4021 511 4078 Edictum
529 4038 547 4074 u
566 4021 644 4075 uobis
672 4021 744 4089 [ecte
765 4027 881 4076 statuere
906 4021 959 4075 visi
979 4038 1077 4078 sumus.
1121 4017 1179 4087 Oue
1200 4023 1277 4077 deui-

222 4136 272 4190 que
292 4105 418 4175 universe
438 4122 559 4191 superius
579 4137 597 4174 e
619 4117 779 4176 Getritudtue
799 4128 893 4176 uestra
913 4122 1038 4176 institute
1054 4119 1150 4174 Peteui
1170 4121 1277 4176 noterio

221 4220 294 4274 sueri
313 4221 399 4274 uestri
416 4219 516 4290 petetis·
537 4219 776 4289 ceuprebeudeude
797 4225 822 4273 et
842 4219 999 4275 erdtueude
1018 4220 1188 4290 erumpimus.

552 4376 682 4418 subicis
703 4378 739 4418 Illi
761 4376 834 4417 tutto
856 4376 951 4420 ettilo.
