3048 5130
254 486 296 552 tt
648 509 803 554 semema
827 509 919 555 euers

252 655 412 730 predictum
440 664 496 728 cst,
529 664 593 732 pest
618 665 745 732 suscepta
779 659 1049 719 administrationem
1078 677 1129 736 per
1154 661 1311 734 gairetbinx

254 740 452 828 adquisiverit,
483 756 538 814 boc
561 761 651 814 totum
680 757 739 829 regi
760 757 906 830 adquirat,
932 765 959 814 ct
978 775 1043 832 pon
1065 777 1145 817 sunm
1165 761 1311 834 proprium

255 853 369 910 nominc
386 853 514 912 vindicat
535 871 587 932 nec
608 855 667 928 ipse
688 871 742 912 uec
761 855 874 913 heredis
893 855 989 930 ipsius.

333 969 419 1029 m.
444 969 558 1026 ¹Nullus
579 976 720 1043 presumat
739 969 842 1028 aldium
863 970 983 1028 alienam
1003 977 1051 1028 aut
1075 972 1203 1030 ancillam
1231 973 1311 1045 quasi

196 1060 200 1066 ’
253 1067 378 1138 strigam,
401 1053 485 1140 quem
507 1067 603 1124 dicunt
622 1083 763 1137 mascam,
787 1069 935 1126 occideres
959 1070 1034 1142 quod
1056 1070 1212 1128 christianis
1232 1088 1311 1127 men·
1387 1087 1390 1098 ¹

254 1164 327 1222 tibus
349 1165 500 1222 nullatinus
522 1165 693 1222 credendum
714 1172 756 1222 est
776 1183 829 1222 nec
849 1167 1026 1239 possevilem,
1050 1175 1080 1225 ut
1100 1169 1203 1225 mulier
1222 1169 1312 1226 bomi-

255 1280 319 1320 ncm
341 1263 432 1320 vivum
452 1263 620 1320 intrinsecus
640 1263 728 1336 possit
748 1265 905 1323 comedere.
928 1264 958 1321 Si
980 1265 1041 1338 quis
1062 1267 1097 1322 de
1114 1273 1207 1323 cetero
1228 1269 1311 1324 talem

253 1360 396 1419 inlecitnm
416 1367 444 1418 et
465 1361 615 1418 nefandam
636 1378 694 1418 rem
715 1369 861 1434 penetrare
882 1365 1096 1436 presumpserit,
1127 1365 1148 1422 si
1168 1365 1243 1422 aldia
1265 1383 1311 1422 oc·

254 1458 365 1529 ciserit,
398 1465 540 1532 conponat
569 1466 741 1532 prestetum
763 1460 822 1533 eius
843 1460 949 1518 solidos
970 1479 1022 1526 ux,
1046 1469 1073 1518 et
1092 1462 1208 1537 insuper
1228 1464 1312 1521 addat

253 1573 305 1630 pro
326 1557 408 1628 culpa
428 1557 534 1614 solidus
555 1574 591 1624 c,
614 1557 791 1616 medietatem
812 1560 890 1630 regi,
922 1565 949 1615 et
968 1559 1145 1617 medietatem
1167 1563 1210 1618 oui
1239 1561 1311 1619 aldia

254 1653 353 1719 lncrit3
376 1654 399 1710 si
421 1661 513 1712 autem
535 1655 637 1713 ancilla
658 1655 750 1726 luerit,
773 1645 916 1730 conperiat
935 1664 1102 1730 prestetum
1116 1660 1173 1732 cjus
1189 1666 1311 1733 utsupra

256 1752 438 1809 coustitutum
459 1759 501 1810 est
521 1752 545 1810 si
565 1751 755 1810 ministiriatcs
785 1762 832 1811 aut
856 1755 962 1826 rustiga
984 1756 1083 1822 luerit,
1114 1757 1230 1830 insuper
1259 1775 1310 1831 pro

254 1851 334 1922 eulpa
354 1850 461 1907 solidos
482 1866 534 1920 ux,
557 1850 735 1907 medietatem
755 1852 833 1922 regi,
866 1857 895 1907 et
915 1854 1092 1911 medietatem
1113 1856 1190 1930 cujus
1211 1857 1311 1915 ancilla

253 1947 346 2005 luerit.
386 1949 416 2005 Si
437 1965 502 2005 vero
527 1948 613 2021 judex
632 1948 698 2006 hnic
719 1965 788 2021 opus
811 1951 914 2006 malum
935 1959 1081 2023 penetrare
1099 1952 1227 2026 jusserit,
1250 1955 1309 2028 ipse

255 2049 289 2106 de
310 2033 497 2122 suo'proprio
518 2065 591 2122 pena
612 2048 798 2121 suprascripta
819 2055 974 2122 conponat.

333 2164 411 2224 w.
454 2163 484 2220 Si
514 2163 576 2236 quis
601 2163 755 2230 bominem,
772 2164 892 2226 liberum
920 2181 1008 2222 unum
1029 2167 1140 2222 oculum
1160 2167 1311 2224 habentem

253 2261 343 2336 ipsum
365 2262 526 2332 excusserit,
550 2263 618 2318 duas
638 2261 724 2335 partis
746 2262 828 2334 pretii
849 2261 935 2335 ipsius
952 2264 1027 2336 quod
1045 2263 1214 2338 adpretiatus
1230 2265 1312 2322 luerit

253 2360 275 2416 si
289 2376 353 2416 eum
369 2358 509 2417 occidissit
525 2359 550 2416 ci
562 2367 714 2433 conponat.
740 2359 770 2416 Si
789 2366 882 2416 autem
893 2361 996 2417 aldium
1008 2368 1055 2417 aut
1069 2377 1178 2419 servum
1189 2363 1311 2420 alienum

253 2474 340 2515 unum
362 2459 489 2515 osculum
510 2459 660 2516 habentem
680 2457 771 2532 ipsum
794 2457 963 2530 excusserit,
997 2465 1139 2530 conponat
1170 2477 1232 2516 cum
1260 2478 1311 2535 pro

253 2562 404 2615 mortuum.
665 2611 668 2618 ,

332 2655 415 2713 828.
437 2653 467 2710 Si
482 2652 582 2709 mulier
594 2651 683 2711 libera
699 2653 729 2710 in
743 2653 875 2711 scandalo
891 2653 1043 2712 cocurrerit
1058 2653 1104 2710 ubi
1119 2656 1177 2711 veri
1190 2655 1309 2727 litigant,

253 2749 276 2808 si
298 2751 407 2824 plagam
428 2755 475 2806 aut
495 2749 603 2806 leritam
628 2749 699 2806 lacta
723 2749 851 2806 babuerit
871 2757 918 2807 aut
946 2751 1061 2807 forsitan
1083 2750 1209 2824 inpincta
1231 2755 1314 2812 luerit

253 2854 301 2906 aut
328 2847 468 2914 occisam,
502 2847 673 2920 adpretietur
701 2847 860 2906 secundum,
882 2847 1055 2905 nobilitatem
1084 2867 1181 2919 suam,
1213 2860 1240 2909 ct
1272 2855 1312 2912 sic

253 2952 428 3020 conponatur
456 2952 596 3018 tamquam
624 2944 647 3001 si
675 2944 704 3000 in
726 2944 839 3000 tratrem
865 2944 950 3018 ipsius
977 2946 1101 3004 mulieris
1122 2956 1312 3022 perpetratum

253 3041 358 3109 teissim
390 3059 455 3100 nam
482 3041 535 3100 alia
566 3042 647 3115 culpa
672 3058 723 3114 pro
745 3041 875 3114 injuriam
895 3059 992 3112 snam,
1021 3045 1096 3102 unde
1118 3063 1207 3105 ucccc
1229 3048 1311 3105 solidi

250 3143 419 3216 judicantur,
443 3157 604 3214 conponere
626 3157 683 3196 non
705 3139 892 3214 requirantur,
916 3159 950 3198 eu
972 3143 1047 3217 quod
1069 3143 1158 3216 ipsam
1178 3145 1214 3202 ad
1234 3145 1311 3202 litem

253 3242 383 3313 cucurrit,
408 3243 485 3315 quod
504 3240 685 3298 inhonestum
706 3245 747 3295 est
766 3239 930 3296 mulieribus
950 3241 1050 3300 tacere.

333 3359 419 3415 nan.
461 3357 491 3414 Si
519 3356 580 3430 quis
602 3356 737 3413 cassinum
759 3364 807 3413 aut
832 3363 935 3414 tectum
955 3358 1078 3415 alienum
1109 3359 1176 3417 loris
1207 3366 1311 3416 curtem

252 3455 300 3514 ubi
321 3455 362 3513 vir
383 3471 440 3511 nun
462 3454 584 3525 habitat,
608 3455 674 3511 dum
694 3454 814 3512 intentio
836 3454 919 3512 luerit
939 3455 974 3511 de
996 3463 1084 3522 terra,
1115 3457 1313 3514 disturbaverit

253 3560 300 3612 aut
320 3554 350 3610 in
371 3559 472 3610 terram
488 3553 632 3625 jactaverit
651 3559 679 3610 et
700 3560 801 3610 terram
822 3570 910 3622 suam,
934 3554 1005 3611 sicut
1025 3556 1070 3611 lex
1086 3553 1174 3624 babit,
1197 3554 1313 3610 convin-

254 3635 317 3710 cere
339 3668 395 3708 nun
418 3649 550 3724 potuerit,
574 3651 703 3708 restaurit
724 3651 812 3725 ipsam
833 3651 987 3717 cassinum,
1019 3659 1046 3708 ct
1067 3657 1209 3724 conponat
1229 3652 1312 3710 aliam

253 3752 335 3808 talem
358 3752 409 3807 sub
431 3731 641 3806 extimationem
664 3750 767 3822 pretii;
801 3767 865 3807 nam
886 3750 909 3806 si
931 3767 992 3808 casa
1022 3751 1068 3807 ubi
1096 3750 1236 3807 habitatur
1258 3751 1313 3809 dis-

254 3848 415 3920 turbaverit,
439 3854 581 3921 conponat
602 3847 672 3905 sicut
691 3848 720 3904 in
742 3847 797 3906 hoc
817 3847 947 3904 Edictum
967 3848 1068 3919 legitur
1089 3849 1253 3908 aratralbus.

333 3977 423 4033 88⁰.
467 3973 496 4030 Si
519 3973 581 4047 quis
602 3974 743 4047 peculium
764 3990 844 4033 suum
870 3974 906 4030 dc
932 3975 1087 4032 clausuram
1118 3973 1238 4034 alienam
1266 3993 1312 4034 oc·

254 4074 327 4132 culte
349 4071 457 4138 tolerit,
483 4077 589 4129 utnon
610 4072 766 4145 rogaverit,
796 4078 938 4146 conponat
957 4073 1041 4131 curtis
1063 4079 1197 4145 rupture,
1218 4073 1312 4132 idest

255 4189 361 4244 overas,
386 4172 491 4230 solidos
510 4189 555 4231 xx.

338 4289 420 4347 ⁸81.
465 4288 495 4346 Si
517 4287 578 4362 quis
600 4288 685 4346 alium
713 4306 763 4362 per
784 4288 905 4345 lurorem
927 4304 992 4359 arga
1012 4287 1187 4351 clamaverit,
1215 4291 1242 4342 ct
1262 4303 1311 4342 ne·

254 4401 319 4457 gare
340 4403 398 4442 non
420 4386 561 4459 potuerit,
594 4392 622 4442 ct
648 4385 751 4444 dixerit
777 4387 853 4460 quod
876 4403 926 4458 per
953 4386 1074 4444 sororem
1095 4383 1221 4442 dixissit:
1245 4390 1311 4442 tunc

250 4485 357 4558 juratus
387 4485 461 4544 dieat
494 4485 570 4559 quod
598 4501 662 4544 eum
693 4501 759 4557 arga
791 4501 849 4544 nen
884 4484 1075 4578 cognovissit3
1115 4489 1212 4557 postea
1244 4499 1312 4542 ceu-
