3022 5144
541 491 679 536 antennor
702 492 766 540 can.
783 488 808 530 ιι
823 509 849 519 -
864 487 897 532 ιι.
1201 465 1261 532 1221

285 637 330 714 (l.)
353 642 412 698 18.
437 641 499 698 Hoc
520 646 611 698 autem
633 647 752 699 statuere
773 639 954 715 previdimus,
977 646 1007 696 ut
1027 655 1133 697 marcas
1156 646 1264 696 nostras

205 736 365 795 cuntsro
387 738 561 794 custodiente
581 739 621 794 sic
642 739 742 796 debeat
764 740 824 795 deri
847 739 990 795 ordinatas
1011 746 1039 793 et
1059 737 1201 808 vigilatas,
1235 743 1266 793 nt

205 835 311 892 inimici
334 835 419 892 nostri
441 837 483 892 vel
505 836 595 906 gentis
617 844 711 892 nostre
734 854 789 892 non
811 838 921 910 possint
940 853 991 909 per
1012 853 1057 892 eas
1075 837 1181 892 sculcas
1201 834 1265 892 mit·
1320 870 1323 880 ·

207 940 263 990 tere
285 940 331 990 aut
353 934 464 1003 fugaces
491 934 615 990 exientes
643 935 801 1007 suscipere,
832 936 881 991 sed
907 936 999 990 nullus
1026 935 1110 990 homo
1143 951 1192 1006 per
1219 951 1266 990 eas

206 1033 322 1089 introire
344 1033 431 1106 possit
451 1033 512 1088 sine
534 1033 619 1103 signo.
636 1040 683 1089 aut
705 1034 822 1106 epistola
844 1033 928 1105 regis.
952 1033 1103 1105 Propterea
1119 1031 1267 1104 unnsquis-

206 1147 260 1204 que
284 1131 369 1203 judex
392 1147 442 1203 per
462 1145 582 1188 marcam
604 1131 656 1187 sibi
679 1132 853 1188 commissam
876 1131 928 1188 tale
951 1130 1041 1186 studio
1070 1137 1097 1185 et
1122 1129 1265 1200 vigilantia

206 1245 312 1301 ponere
334 1229 451 1297 debeat,
483 1236 511 1285 et
531 1244 583 1301 per
602 1245 632 1284 se
653 1234 680 1284 et
701 1227 751 1301 per
768 1225 943 1301 vlocopositos
963 1229 1005 1282 vel
1034 1227 1166 1284 clusarios
1187 1243 1262 1295 suos,

206 1333 236 1382 nt
263 1327 356 1382 nullus
384 1328 468 1383 nomo
498 1327 559 1382 sine
588 1326 668 1397 signo
690 1303 738 1383 aut
758 1327 873 1399 epistola
895 1326 969 1396 regis
996 1325 1071 1380 exire
1093 1324 1187 1398 possit.
1229 1325 1266 1380 Et

206 1425 272 1480 dum
301 1425 335 1480 ad
361 1424 577 1494 ingrediendum
611 1423 740 1480 venerint
770 1423 909 1496 peregrini
941 1423 976 1479 ad
1007 1424 1112 1479 clausas
1144 1429 1263 1490 nostras,

207 1522 253 1594 qui
275 1522 311 1579 ad
331 1522 448 1578 Romam
469 1522 610 1578 ambulare
632 1521 796 1592 disponunt,
819 1521 969 1590 diligenter
990 1520 1092 1576 debeat
1112 1537 1160 1575 eos
1181 1519 1266 1575 inter-

206 1635 303 1690 rogare
327 1620 400 1675 unde
422 1620 488 1688 sint,
512 1626 539 1675 et
559 1619 580 1674 si
605 1611 779 1689 cognoscunt
799 1618 875 1690 quod
898 1617 1060 1691 simpliciter
1081 1617 1204 1686 veniant,
1228 1614 1267 1672 [ι’-

206 1717 259 1772 ciat
275 1717 361 1788 judex
382 1724 428 1772 aut
449 1716 582 1772 clusarius
603 1730 754 1786 socropos,
789 1721 816 1770 ct
836 1714 926 1771 mittat
954 1715 984 1770 in
1012 1731 1092 1783 cera,
1126 1723 1153 1770 et
1180 1723 1266 1787 ponat

206 1813 258 1869 sibi
281 1813 402 1882 sigillum
423 1831 514 1881 suum,
538 1821 568 1868 nt
588 1813 640 1885 ipsi
662 1821 758 1885 postea
775 1812 924 1869 ostendant
944 1813 1035 1886 ipsum
1050 1813 1161 1882 signum
1174 1813 1265 1868 missis

207 1910 305 1976 nostri,
330 1927 400 1983 quos
422 1927 473 1967 nos
496 1911 755 1967 ordaenaverimus:
778 1911 888 1981 signum
904 1918 969 1982 post
989 1911 1042 1965 hoc
1057 1911 1156 1966 missus
1177 1911 1264 1966 nostri

205 2009 309 2067 faciant
337 2009 377 2064 eis
404 2010 521 2082 epistola
548 2010 583 2065 ad
604 2010 720 2075 Romam
743 2008 924 2074 ambulandi;
952 2014 979 2064 et
999 2025 1051 2064 carn
1075 2015 1209 2064 venerant
1230 2008 1263 2063 da

205 2108 295 2163 llomo
315 2107 453 2180 accipiant
472 2107 553 2178 signo
574 2091 609 2164 de
631 2108 714 2164 anolo
736 2091 870 2177 reg'ss'Si
893 2123 957 2162 aero
978 2111 1167 2177 cognoverant
1189 2105 1264 2178 quod

205 2205 393 2263 fraudolenter
413 2205 553 2274 veniant,·
569 2215 619 2278 per
639 2221 704 2262 suos
727 2206 824 2262 missos
845 2222 894 2261 eos
915 2206 950 2261 ad
972 2220 1022 2260 nos
1044 2203 1149 2274 diriga,
1175 2208 1202 2259 et
1223 2203 1266 2258 in-

209 2308 334 2359 notescat
355 2301 437 2358 nobis
460 2320 540 2360 eausa
562 2303 638 2375 ipsa:
673 2319 737 2370 nam
766 2303 817 2375 qui
849 2301 900 2359 itte,
918 2301 1004 2375 judex
1025 2302 1079 2358 hoc
1100 2302 1190 2358 iacere
1211 2301 1267 2357 dis·

206 2401 326 2470 tullerit,
350 2409 397 2468 et,
427 2401 503 2474 qnod
524 2402 608 2470 absc,
641 2401 712 2457 torte
733 2416 784 2472 per
805 2400 891 2472 ipsius
913 2399 1011 2454 notitia
1032 2399 1134 2472 aliquis
1155 2399 1263 2464 exierit,

205 2499 349 2570 sanguinis
370 2495 565 2556 suo'incnr‘rat
585 2499 758 2571 perieulum,
788 2507 816 2553 et
836 2514 880 2553 res
901 2490 960 2569 ejus
980 2497 1154 2553 infiscentur.
1187 2498 1224 2553 Et
1243 2497 1266 2553 si

207 2596 423 2670 praesumpserit
445 2591 539 2669 jurare
568 2597 645 2669 qnod
669 2593 741 2652 sine'
759 2595 817 2667 ejus
845 2595 1010 2666 premissum
1037 2595 1139 2650 laetum
1160 2593 1264 2665 luisset,

207 2691 254 2752 sed
275 2694 381 2750 solutus
408 2711 423 2750 a
445 2691 544 2766 culpa'3
562 2711 627 2774 pro
642 2691 643 2698 ’
658 2693 789 2750 nilectum
816 2686 930 2762 tamen,
961 2691 997 2748 sit
1023 2709 1052 2748 ss
1081 2682 1264 2763 aduniaierit,

206 2799 348 2864 conponat
359 2779 403 2848 'in'
418 2791 522 2865 palatio
545 2771 680 2849 widridild
694 2773 812 2848 snum.6
836 2790 872 2847 Et
893 2791 945 2846 hoc
967 2785 1109 2861 addimus,
1133 2771 1163 2846 nt
1182 2772 1280 2846 unus?

208 2891 326 2964 quisque
345 2889 430 2963 judex
453 2884 539 2962 pon'a't
559 2869 782 2946 'sollicitudinem
799 2889 848 2962 per
865 2884 1002 2961 judicaria
1023 2889 1071 2945 sna
1093 2885 1121 2945 in
1141 2887 1267 2961 partibus

207 2988 349 3058 Tussciae,
373 2995 403 3044 ut
424 2983 517 3044 nuilus
538 2982 623 3045 lromo
645 2975 733 3062 possit
749 2987 811 3044 sine
827 2978 1061 3060 voluntate'regis
1081 2985 1124 3043 vel
1146 2985 1267 3057 sigillum

206 3085 310 3159 aliquid
333 3089 468 3151 transire;
490 3094 517 3142 ct
538 3086 561 3143 si
582 3075 724 3143 inventum
748 3086 829 3143 luerit
850 3087 926 3159 quod
948 3080 1012 3142 sine'
1025 3085 1158 3168 jussione¹
1174 3073 1263 3140 trans

206 3179 289 3254 isset,
322 3192 352 3241 ut
375 3170 504 3255 'sigillum
531 3185 637 3258 aliquid
666 3185 785 3262 transire
811 3202 868 3240 non
901 3184 1088 3248 edoniaverit,
1124 3187 1267 3256 conponat

207 3282 344 3354 widrigild
365 3287 456 3340 suum.
631 3263 634 3274 ¹
919 3267 921 3272 ⁸
1012 3341 1015 3348 ,
1245 3275 1247 3286 '

285 3375 350 3455 (ll.)
372 3384 430 3439 14.
453 3383 493 3438 De
514 3381 648 3452 gasindiis
669 3381 785 3454 quidem
806 3381 892 3438 nostri
912 3380 952 3437 ita
965 3385 1096 3444 statuere,
1121 3385 1152 3434 ut
1173 3375 1268 3435 nullu's

156 3499 160 3504 ·
202 3479 291 3551 judex
318 3496 366 3534 eos
388 3496 531 3552 opremere
553 3481 691 3549 debeant,
726 3480 862 3552 quoniam
891 3495 941 3534 nos
969 3479 1103 3534 debemus
1125 3477 1267 3548 gasindios

207 3584 316 3634 nostros
337 3578 497 3634 defendere.
519 3579 597 3634 Etsi
620 3584 717 3634 contra
739 3578 801 3648 lege
820 3577 926 3650 aliquid
949 3576 1054 3633 iaciunt
1075 3577 1109 3632 ad
1122 3575 1267 3633 arimanno

206 3675 339 3746 homine,
363 3676 445 3731 etad
464 3676 560 3747 judice
581 3678 745 3732 reclamaret
764 3692 864 3744 snum,
894 3675 982 3748 judex
1010 3682 1058 3731 aut
1078 3691 1128 3748 per
1149 3673 1267 3746 epistola

205 3780 254 3830 aut
283 3775 396 3847 proprio
418 3790 466 3829 ore
488 3773 637 3829 admoneat
657 3773 784 3844 gasindio
807 3781 903 3852 nostro·
924 3780 954 3830 ut
971 3771 1082 3847 judicet
1106 3775 1135 3830 in
1157 3789 1203 3830 se:
1238 3778 1266 3828 et

206 3873 310 3946 ipsum,
333 3873 355 3929 si
373 3871 500 3944 judicare
523 3888 578 3926 non
600 3871 668 3941 seit,
691 3871 802 3928 advocit
822 3873 891 3928 alios
912 3873 1083 3930 conlibertus
1105 3861 1162 3945 qui
1175 3873 1267 3929 sciunt

203 3971 340 4045 judicare,
363 3975 391 4026 et
407 3969 509 4043 judicit
530 3984 643 4027 cansam
664 3971 752 4042 ipsam
774 3972 942 4044 perlegam,
966 3980 994 4027 et
1014 3971 1095 4027 saciat
1110 3969 1266 4042 judicatum

206 4085 300 4139 suum,
324 4077 355 4124 ut
375 4066 537 4126 erimannus
558 4069 617 4140 ipse
639 4069 767 4140 fatigatus
790 4085 846 4125 non
865 4070 921 4128 liat.
943 4069 1012 4126 Nam
1030 4073 1181 4140 antequam
1201 4083 1266 4124 eum

207 4170 366 4237 admoneat,
390 4168 463 4224 sicut
484 4165 657 4232 dictumest,
682 4183 738 4223 non
750 4183 802 4240 per
813 4168 885 4237 wila,
910 4185 966 4224 non
982 4183 1032 4240 per
1042 4166 1266 4239 pignerationem

206 4267 267 4324 sins
285 4265 412 4340 jussione
433 4271 527 4322 nostra
549 4266 638 4321 lacere
660 4265 724 4338 quis
745 4271 924 4338 presummat.
948 4265 1099 4322 Gasindius
1119 4281 1185 4321 vero
1206 4264 1266 4337 ipse

208 4367 230 4425 si
252 4363 401 4422 distullerit
417 4365 562 4437 judicare,
596 4370 624 4418 et
643 4365 733 4434 legem
756 4380 812 4418 non
830 4363 1010 4436 judicaverit,
1039 4363 1204 4435 judiacum
1225 4362 1267 4420 di·

208 4464 335 4535 stringat,
359 4463 432 4520 idem
456 4463 601 4519 arimanno
620 4461 726 4534 justitia
749 4461 897 4518 iaciendo:
920 4461 955 4518 sit
975 4467 1067 4526 tamen
1089 4477 1146 4517 non
1168 4461 1267 4519 doloso
