3048 5130
241 460 283 522 du
613 479 818 526 unruowauur
840 481 931 526 nean

319 628 402 688 882.
446 630 477 687 si
503 629 565 704 quis
586 631 730 688 hominem
750 631 870 688 liberum
891 649 985 692 casum
1007 633 1153 692 facientem
1175 637 1298 693 nolendo

241 727 394 800 occiderit,
423 736 565 802 conponat
592 745 656 785 eum
683 729 753 786 sicut
773 730 941 802 adpretiatus
962 733 1063 798 inerit,
1091 741 1119 789 et
1145 733 1219 790 saida
1241 751 1298 790 non

241 825 408 900 requiratur,
431 842 465 882 eo
487 827 563 900 quod
584 827 709 884 nolendo
730 827 805 884 iecit.

320 925 407 982 888.
450 925 486 980 Et
506 923 560 981 hoc
581 925 709 982 addimus
730 925 782 982 hac
804 926 993 998 decernimus,
1017 934 1046 984 ut
1067 945 1162 986 causas
1184 945 1238 1002 que
1260 931 1299 986 ie-

243 1021 314 1078 nitas
335 1027 399 1078 sunt
420 1039 478 1078 non
499 1023 689 1088 revolvantur3
712 1041 786 1097 quae
806 1031 897 1080 eutem
919 1043 976 1090 non
998 1033 1063 1082 suot
1089 1027 1204 1097 tenitas,
1238 1035 1301 1084 eta

242 1126 371 1192 presente
391 1120 515 1191 vigisima
537 1120 658 1177 secunda
680 1121 725 1177 die
742 1122 839 1178 minsis
861 1122 940 1195 huJus
956 1125 1124 1191 novembris,
1147 1127 1301 1183 indictione

243 1219 376 1283 secunda,
399 1217 525 1276 incoatae
541 1195 744 1276 eutcommute
759 1221 851 1283 suerit,
869 1237 919 1293 per
937 1222 989 1278 hoc
1000 1223 1129 1280 Edictum
1144 1225 1303 1300 incidantur

244 1325 272 1375 et
292 1317 433 1376 finiantur.

322 1433 359 1488 Et
378 1431 432 1490 hoc
452 1432 620 1503 generaliter
640 1434 738 1490 damus
759 1433 788 1489 in
810 1434 957 1503 mandatis,
983 1452 1018 1490 ne
1040 1435 1134 1508 aliqua
1156 1437 1229 1492 fraus
1251 1453 1302 1510 per

244 1530 345 1588 vicium
366 1529 533 1602 scriptorum
553 1530 583 1585 in
598 1531 653 1586 hoc
669 1531 798 1587 Edictum
820 1532 974 1600 adiheatun
998 1532 1021 1588 si
1043 1535 1136 1606 aliqua
1158 1533 1241 1590 suerit
1261 1535 1304 1590 in-

246 1627 334 1683 tentio
356 1629 433 1684 nulla
458 1627 512 1684 alia
539 1629 707 1701 exemplaria
728 1629 856 1685 credatur
876 1637 923 1684 aut
943 1630 1124 1702 suscipiatur,
1153 1633 1206 1688 nisi
1228 1634 1304 1706 quod

246 1743 297 1800 per
316 1743 415 1783 manus
435 1727 561 1784 Ansoaid
590 1727 699 1784 notario
721 1734 817 1784 nostro
838 1729 972 1800 scriptum
993 1737 1040 1786 aut
1060 1729 1234 1800 recognitum
1256 1747 1305 1788 seu

246 1824 412 1898 requisitum
431 1825 524 1895 tuerit,
548 1827 596 1898 qui
617 1842 668 1899 per
688 1830 811 1882 nostram
829 1825 982 1896 jussionem
1003 1827 1122 1901 scripsit.

613 1975 773 2028 EXPLICIT
792 1975 947 2026 EDICTUM

553 2119 802 2200 nondinis
829 2120 988 2199 unuln

618 2599 758 2672 lutitt’lt
780 2599 941 2674 EBIGTUM
965 2591 968 2596 ¹

428 2770 1149 2886 uninownnornnuru

437 3074 440 3081 Ι
536 3119 639 3188 (Mense
655 3119 737 3181 julio,
757 3131 824 3169 anno
843 3116 1021 3182 ucuxvffl.)

334 3255 478 3338 Supnioce
492 3266 596 3336 popina
605 3263 684 3333 hujus
696 3262 790 3318 Edicti
806 3263 914 3334 lenitur,
936 3265 978 3318 itu
989 3265 1061 3333 quod
1075 3266 1163 3321 adduc
1177 3273 1311 3321 aunuente
1354 3288 1358 3300 «

252 3364 370 3421 Dmnino
387 3355 718 3432 munorureipotueuemns
739 3363 772 3417 dc
784 3362 900 3416 ninculus
909 3377 1004 3416 causus
1017 3377 1067 3431 quc
1081 3365 1111 3417 in
1121 3371 1242 3433 presente
1256 3381 1312 3418 non

224 3467 226 3471 '
253 3470 316 3520 sunt
332 3464 438 3532 adficta,
459 3465 491 3516 in
504 3463 552 3516 troc
564 3459 692 3516 Edictum
703 3461 850 3532 odiunpere
863 3461 1021 3524 ducamen
1044 3463 1085 3515 ito
1096 3467 1126 3516 ut
1146 3477 1242 3517 cauus
1262 3477 1312 3531 qua

248 3563 371 3635 judicate
393 3567 417 3616 et
436 3561 536 3628 sennua
556 3565 619 3614 sunt
637 3574 694 3612 non
713 3559 894 3616 revolvuntur.
930 3557 996 3614 Ideo
1017 3575 1063 3629 epo
1082 3561 1127 3612 uir
1148 3559 1310 3614 eccellentia-

254 3663 338 3717 simus
359 3657 593 3725 Grimowold,
617 3672 682 3728 qens
700 3657 945 3728 Lunpoburdorurn
964 3673 1032 3718 reu,
1056 3673 1148 3719 anno,
1171 3655 1229 3712 Deo
1248 3674 1312 3728 pro-

253 3761 332 3832 pitio,
354 3758 429 3814 sautu
447 3757 525 3827 requi
536 3758 599 3823 mu,
622 3757 707 3812 minae
722 3757 804 3827 julio,
822 3757 971 3812 indictione
988 3757 1141 3823 undecimo,
1161 3773 1311 3828 persucpe-

254 3861 340 3915 stione
354 3858 482 3928 judicum
500 3856 671 3924 omniumque
691 3867 820 3909 consenuit
840 3869 888 3922 cu,
921 3870 990 3924 quoe
1010 3855 1064 3910 illio
1085 3857 1156 3910 dura
1183 3863 1207 3910 ct
1227 3857 1313 3926 inopia

255 3959 286 4012 in
305 3959 354 4012 noc
373 3954 501 4012 Edictum
519 3954 580 4008 uisu
600 3960 680 4020 sunt,
713 3954 751 4007 od
780 3953 915 4007 meliorem
945 3959 1044 4008 statum
1069 3959 1093 4008 et
1120 3953 1313 4010 clementiorem

254 4057 402 4112 ennodium
422 4069 558 4124 compara
579 4059 602 4107 et
622 4068 749 4106 reuocare
764 4052 944 4122 providemus,
967 4052 998 4106 id
1018 4058 1055 4106 ost

335 4155 369 4210 1.
410 4152 462 4226 (De
482 4154 599 4224 tripeutu
619 4165 755 4206 cunctum
773 4149 949 4222 isocupione.)
981 4147 1011 4204 Si
1032 4163 1125 4204 servus
1145 4155 1192 4206 aut
1212 4148 1312 4205 anciila

256 4269 307 4326 per
320 4250 441 4322 trigenta
458 4250 549 4320 annis,
572 4249 692 4322 qualiter
708 4247 749 4304 rei
770 4246 870 4303 veritas
887 4247 999 4318 cognita
1020 4245 1102 4303 tuerit
1122 4265 1173 4320 per
1192 4247 1313 4318 trigenta

257 4351 339 4408 annis
360 4351 481 4410 dominis
503 4350 562 4407 suis
578 4349 705 4419 servisse,
730 4354 758 4404 et
775 4365 824 4422 per
836 4349 964 4421 supervia
981 4356 1027 4405 aut
1041 4348 1142 4420 injusta
1159 4344 1313 4418 patrocinio

256 4467 286 4508 sc
307 4449 425 4508 voluerit
445 4450 480 4506 de
501 4448 616 4506 domiuo
638 4464 688 4506 suo
709 4447 824 4522 proprio
846 4464 897 4522 per
917 4463 1010 4521 pugna
1031 4445 1191 4515 vindicare,
1222 4443 1314 4500 uuila·
