3048 5130
698 497 705 520 t

262 541 282 602 l
655 560 810 606 nonnanis
834 563 925 607 aucas

260 709 508 781 Langobardorum
529 710 720 768 etblbsuinda
739 712 912 770 liliaAlboln
934 713 1025 785 regis3
1045 715 1126 788 iussit
1136 733 1197 772 eam
1214 732 1319 789 ponere

259 809 289 866 in
312 824 419 877 navem,
442 814 470 863 et
491 807 642 865 transmisit
669 827 731 866 eam
752 811 1029 887 Constantinopolim
1059 815 1094 870 ad
1115 813 1318 886 imperatorem.

339 907 380 962 IX
409 905 520 979 Reliqui
531 907 710 979 Langobardi
728 909 889 966 levaverunt
908 909 961 967 sibi
979 927 1075 991 regem
1086 910 1200 968 nomine
1211 912 1318 982 cason,

260 1005 294 1062 de
316 1022 419 1077 genere
431 1004 553 1071 Beleos;
576 1012 604 1062 et
623 1006 749 1078 regnavit
759 1007 847 1080 Clcpb
866 1023 955 1064 annos
975 1008 1056 1078 duos,
1080 1016 1108 1066 et
1120 1016 1246 1066 mortuus
1266 1015 1317 1066 est.

258 1104 295 1161 Et
311 1103 506 1176 judicaverunt
534 1103 618 1159 duces
638 1103 888 1174 Langobardorum
916 1121 1005 1162 annos
1027 1106 1194 1178 duodecim,
1225 1123 1319 1178 regem

259 1218 316 1256 non
338 1202 482 1257 babentes.
516 1201 582 1257 Post
602 1201 670 1258 baec
687 1203 847 1258 levaverunt
862 1202 914 1258 sibi
933 1218 1029 1273 regem
1047 1205 1160 1263 nominc
1175 1208 1317 1275 Aurum,

258 1299 318 1356 lilio
341 1298 489 1370 Clepboni.
532 1299 569 1354 Et
593 1299 712 1371 acceptit
731 1299 849 1356 Autbari
877 1315 991 1356 uxorem
1013 1300 1229 1370 Tbeodeleoda,
1261 1302 1319 1360 lilia

258 1395 402 1470 (lairipald
423 1403 451 1451 et
466 1396 660 1462 Waldcradae,
683 1397 875 1470 deBajoaria;
899 1405 926 1453 et
946 1398 1022 1455 venit
1043 1415 1106 1456 cum
1117 1399 1318 1456 Tbeodolcnda

257 1495 341 1552 irater
367 1494 454 1566 ipsius
486 1493 599 1550 nomine
621 1494 796 1563 Gundwald,
829 1502 857 1551 at
878 1495 1016 1552 ordinavit
1042 1513 1106 1554 eum
1127 1496 1243 1554 Autbari
1269 1513 1318 1553 rex

257 1595 355 1650 ducem
376 1593 405 1648 in
428 1592 565 1652 civitatem
585 1592 724 1659 Astens03
757 1602 785 1650 et
805 1592 938 1665 regnavit.
952 1594 1070 1651 Autbari
1090 1610 1180 1651 annos
1200 1601 1316 1667 septem.

336 1692 372 1751 X.
414 1692 452 1749 Et
472 1689 557 1748 exivit
567 1691 649 1756 nouo
672 1691 727 1747 dux
741 1690 900 1762 Thuringus
918 1691 952 1747 de
969 1691 1108 1762 Taurinis,
1131 1699 1158 1748 et
1175 1691 1268 1765 junxit
1288 1709 1317 1748 se

258 1790 474 1848 Theodelendae
494 1788 619 1860 reginae,
641 1795 668 1844 et
687 1788 774 1845 lactus
796 1796 837 1845 est
857 1806 905 1845 rex
928 1790 1186 1861 Langobardorum.
1214 1792 1250 1847 Et
1271 1807 1316 1846 oo·

257 1889 325 1946 cidit
345 1889 430 1945 duces
451 1886 566 1943 revelles
587 1902 662 1953 suos,
686 1885 822 1956 Zangroll
840 1887 875 1942 de
897 1886 1019 1956 Verona,
1043 1887 1148 1945 Minull
1167 1889 1201 1945 de
1222 1889 1315 1946 Insula

258 1985 353 2044 Sancti
372 1985 439 2054 Juli,
463 1991 490 2040 et
512 1983 627 2040 Gaiduli
645 1983 680 2039 de
701 1983 880 2054 Bergomum,
904 1999 952 2040 seu
974 1991 1002 2040 et
1022 1985 1092 2042 alios
1113 1986 1160 2059 qui
1183 1987 1208 2044 ei
1229 1988 1316 2044 revel-

256 2086 296 2140 les
316 2084 436 2141 luerunt.
478 2082 514 2137 Et
541 2079 636 2151 genuit
663 2080 747 2152 Aque
774 2079 808 2136 de
830 2080 1031 2138 Theodelenda
1052 2082 1138 2140 liliam
1160 2100 1244 2141 unam
1266 2101 1317 2141 no·

255 2183 331 2240 mins
354 2179 553 2252 Gumtiperga,
581 2176 717 2235 etlilium
738 2194 825 2234 unum
847 2177 961 2234 nominc
982 2159 1156 2238 dnsuwmo.
1199 2182 1236 2238 Et
1255 2197 1317 2252 reg·

256 2280 330 2336 navit
349 2284 434 2352 Aquo
455 2292 544 2334 annos
564 2294 601 2332 xx
622 2282 649 2331 et
670 2291 696 2331 v.
739 2276 886 2333 Adelwald
912 2276 987 2334 filius
1014 2277 1072 2350 ejus
1099 2279 1226 2348 regnavit
1253 2284 1317 2352 post

254 2385 373 2434 mortem
402 2375 487 2448 patris
513 2373 569 2430 suis
600 2389 690 2430 annos
721 2373 878 2432 duodecim.
921 2375 956 2431 Et
981 2382 1045 2448 post
1071 2375 1162 2448 ipsum
1190 2375 1315 2448 regnavit

254 2479 390 2532 Assoron
412 2489 502 2529 annos
524 2478 640 2545 septem.

334 2573 385 2628 Xl.
428 2571 464 2627 Et
485 2577 546 2642 post
566 2569 656 2643 ipsum
678 2569 805 2640 regnavit
823 2571 968 2640 Rormani,
1000 2570 1035 2627 dc
1061 2586 1164 2641 genere
1184 2571 1312 2635 Arodus3

254 2678 281 2728 et
300 2669 375 2744 rupit
395 2668 517 2724 civitates
539 2668 580 2723 vel
603 2673 689 2724 castra
711 2668 902 2724 Romanorum
924 2685 996 2742 quae
1023 2668 1132 2725 inerant
1158 2667 1230 2726 circa
1251 2669 1315 2726 lito-

252 2769 336 2835 ralia‚
360 2768 395 2823 de
417 2781 504 2839 prope
525 2766 603 2822 Lune
624 2781 712 2838 usquc
733 2765 762 2821 in
785 2771 860 2821 terra
880 2767 1069 2836 Francorum,
1098 2784 1182 2841 quam
1203 2767 1315 2825 Ubilcr·

253 2869 329 2939 glum
349 2866 385 2924 ad
404 2871 511 2938 partem
532 2862 656 2921 orientis.
697 2862 735 2919 Et
763 2863 896 2935 pugnavit
922 2862 994 2920 circa
1015 2864 1129 2921 lluvium
1150 2864 1311 2935 Scultenna,

253 2974 279 3022 et
301 2965 463 3022 oeciderunt
482 2979 497 3018 a
519 2969 596 3034 parte
617 2963 809 3018 llomanorum
830 2967 893 3017 octo
914 2960 991 3017 milia
1013 2977 1152 3021 numerus.

333 3061 411 3134 [xll.
453 3061 489 3117 Et
503 3059 629 3132 regnavit
644 3059 759 3115 Rotbari
780 3075 869 3114 annos
885 3059 981 3115 decem
1003 3066 1031 3115 et
1049 3066 1165 3132 septem.
1195 3060 1231 3116 Et
1251 3065 1313 3130 post

252 3162 356 3233 ispsum
379 3157 651 3230 regnavitannis
672 3173 762 3214 annos
783 3173 894 3214 novem.
937 3157 973 3213 Et
995 3163 1057 3229 post
1074 3156 1167 3229 ipsum
1187 3155 1313 3228 regnavit

253 3259 411 3316 Guruotnn.
456 3254 497 3311 Eo
519 3262 645 3328 tempore
673 3254 758 3312 exivit
779 3253 979 3311 Constantinus
1000 3254 1152 3328 imperator
1181 3254 1215 3310 de
1238 3253 1311 3310 Con-

250 3353 473 3428 stantinopolim,
497 3360 525 3409 et
546 3353 670 3410 venitin
692 3357 784 3426 partes
806 3351 986 3426 Campaniae,
1010 3360 1038 3409 et
1058 3366 1198 3424 regressus
1221 3357 1262 3408 cst
1281 3352 1310 3408 in

252 3454 366 3523 Sicilia,
399 3459 426 3508 et
454 3450 560 3508 ibidem
590 3451 696 3508 occisus
727 3458 769 3506 est
795 3469 811 3507 a
837 3449 904 3506 suis.
947 3449 984 3506 Et
1012 3450 1139 3522 regnavit
1166 3449 1311 3506 Grimuald

250 3569 339 3610 annos
362 3566 471 3607 novem.

329 3649 406 3706 Xlll.
445 3647 512 3703 Post
533 3645 677 3704 Grimuald
692 3641 824 3716 ¹regnavit
843 3643 968 3700 Psnrsnr
990 3645 1071 3701 annis
1091 3661 1169 3704 xrrsr.
1211 3645 1311 3703 Postea

251 3750 393 3806 Consonus
414 3745 487 3802 filius
513 3745 571 3818 ejus
599 3744 727 3816 regnavit
747 3743 828 3799 annis
848 3758 908 3800 xnr.
952 3743 1105 3808 Lrnrrnnr,
1130 3743 1203 3800 lilius
1225 3743 1311 3800 Cuni-

248 3855 321 3920 pert,
334 3845 460 3916 regnavit
473 3845 554 3900 annis
564 3861 588 3902 v.
611 3845 750 3910 Antenor,
768 3842 841 3898 lilios
856 3839 1017 3914 Rachipert,
1030 3841 1157 3912 regnavit
1169 3841 1250 3898 annis
1260 3858 1309 3900 ιιι.

248 3947 381 4002 Asrnsno
408 3943 535 4014 regnavit
561 3957 650 3998 annos
671 3956 712 3997 rn.
753 3939 917 3996 Lrurrnsnn
939 3939 1012 3995 lilius
1038 3938 1096 4011 ejus
1117 3938 1243 4010 regnavit
1261 3955 1311 3996 an·

249 4060 300 4100 nos
321 4059 399 4099 xxrn.
443 4041 576 4098 Uesaeuo
598 4035 724 4108 regnavit
744 4052 855 4092 menses
876 4052 937 4091 vnn
970 4036 1037 4092 Post
1057 4037 1148 4110 ipsum
1170 4055 1234 4094 vero
1255 4037 1310 4093 llu-

249 4157 322 4209 curs,
345 4141 419 4197 lilius
440 4137 561 4206 Pimoni,
585 4135 666 4195 annis
687 4152 710 4195 v.
732 4133 800 4192 Post
820 4133 910 4207 ipsum
932 4134 1059 4204 regnavit
1078 4138 1235 4192 Arsronros
1256 4133 1310 4190 lra-

248 4243 290 4292 ter
310 4237 367 4309 ejus
389 4237 556 4305 annisum,
587 4233 635 4308 qui
656 4239 816 4307 persecutus
837 4229 879 4288 est
900 4249 914 4288 a
936 4248 1001 4303 rege
1023 4233 1203 4290 Francorum.
1242 4229 1309 4287 Post

247 4334 339 4406 ipsum
365 4335 491 4406 regnarit
510 4336 682 4391 Dssrnunrns
707 4347 796 4388 annos
816 4346 874 4386 svn
902 4336 930 4386 et
950 4346 1060 4387 menses
1081 4347 1132 4395 ηις
1162 4337 1190 4386 et
1210 4329 1308 4385 ductus

247 4439 289 4490 est
308 4431 431 4504 captivus
451 4432 481 4489 in
498 4431 654 4489 Franciam.
686 4429 723 4486 Et
738 4434 834 4502 postca
855 4428 983 4500 regnavit
998 4428 1127 4486 Cnosos
1147 4441 1237 4484 annos
1251 4423 1305 4500 xn]
