3022 5144
568 445 706 491 eorcnou
729 443 793 492 cer.
819 443 907 487 s-s.
1216 421 1278 484 117

219 599 306 665 sealt,
335 603 360 652 et
376 597 459 668 plura
479 599 561 653 etiam
580 599 733 653 necessaria
753 598 880 653 adauait.
909 593 988 650 *Post
1008 595 1079 650 bunc
1097 611 1161 651 uero
1180 597 1280 668 omno-

218 697 339 750 sissimus
359 700 383 750 et
403 696 566 750 ortlsedoaus
586 697 650 764 fidei
671 696 776 762 cultor,
800 701 880 764 atque
899 695 978 764 bajus
997 695 1084 764 pontis
1103 694 1276 764 pubernator,

219 800 243 848 et
263 798 353 848 noster
372 808 421 862 per
442 791 493 846 uss
513 794 701 862 omnipotentis
717 794 907 847 misericordia
926 792 1055 859 nutritor,
1078 790 1280 862 Liutprand

219 892 333 946 eaimius
354 898 378 946 et
395 891 529 960 precelsm
548 891 598 944 bac
617 892 831 960 sapientissimus
848 891 988 960 princeps,
1012 891 1157 959 persistens
1176 891 1208 944 in
1226 890 1280 946 Ilei

219 989 342 1059 operibus
358 994 382 1042 st
403 989 562 1042 cottidianis
579 989 692 1059 cipiliia
715 990 789 1042 muni
804 988 938 1057 pudicitia
954 993 979 1040 et
994 986 1137 1043 sobrietate
1153 995 1275 1052 ornatus,

218 1087 298 1140 sicuti
317 1101 336 1138 a
355 1084 413 1139 Deo
430 1087 599 1156 promeruit,
630 1101 679 1155 per
706 1087 791 1155 ipsius
818 1086 1025 1155 inspirationem
1044 1086 1137 1140 omnia
1158 1087 1280 1141 decenter

219 1185 325 1250 dicarit,
355 1191 379 1239 et
399 1185 431 1239 in
451 1182 543 1238 Edisti
561 1185 692 1254 papinum
713 1201 772 1238 cum
792 1185 849 1239 suis
868 1183 1064 1254 Lanpobaidis
1091 1196 1124 1237 ac
1139 1185 1279 1254 judicibus

219 1283 394 1351 continnooit.
416 1279 522 1336 ideirco
540 1297 590 1351 per
611 1281 794 1351 Redemptoris
813 1283 901 1336 nostri
918 1282 1092 1350 providentia
1118 1297 1164 1351 epo
1185 1283 1279 1337 diuino

218 1379 322 1434 auritio
342 1377 478 1433 ltacbis
497 1394 565 1446 rea,
586 1379 835 1449 precellentissimus
856 1385 880 1433 et
901 1381 1015 1434 ecimins
1033 1379 1177 1449 princeps,
1206 1396 1279 1436 anno

217 1477 295 1547 rsqni
314 1477 367 1530 mei
387 1477 512 1543 secundo,
536 1477 580 1530 die
600 1477 778 1531 kalendarum
798 1466 975 1542 martiarum,
996 1477 1145 1531 indictione
1165 1485 1278 1546 quarta-

218 1575 337 1641 decima,
361 1575 426 1630 dum
446 1591 505 1629 cum
524 1576 611 1645 pontis
631 1581 757 1641 nostrae,
786 1575 818 1628 id
841 1581 878 1629 est
899 1571 1155 1642 banqobardorum,
1173 1576 1279 1645 judici-²

218 1673 266 1727 bus
286 1677 342 1726 tam
372 1672 405 1725 de
424 1667 551 1727 niustriae
581 1687 663 1741 quam
693 1678 717 1726 et
747 1673 779 1726 de
799 1669 942 1727 Nusstriae
970 1670 1012 1724 oel
1039 1669 1153 1726 Tusciae
1180 1674 1280 1742 tinibus

218 1755 346 1824 uniuersa
374 1784 443 1838 quae
472 1769 690 1825 adeeessoribus
720 1771 820 1824 nostris
846 1775 948 1825 statuta
971 1774 1033 1823 sant
1059 1768 1175 1823 sollicite
1191 1771 1279 1825 coud-

219 1870 372 1922 derassems
388 1868 522 1936 quaedam
539 1867 579 1921 ibi
589 1868 677 1937 justa,
694 1874 718 1922 et
734 1869 868 1937 quaedam
878 1867 1024 1937 purpandc
1039 1881 1093 1920 esse
1108 1867 1260 1922 invenimus
1268 1883 1277 1932 ,·

218 1966 284 2035 quin
305 1965 369 2019 dum
386 1966 468 2033 pram
488 1965 608 2020 homines
628 1981 660 2018 ea
680 1981 749 2034 quae
770 1967 807 2019 cd
826 1964 974 2019 Dominum
992 1965 1127 2034 pertinent
1142 1979 1198 2018 non
1215 1981 1279 2020 con-

218 2064 349 2129 siderant,
372 2065 460 2132 mapis
479 2063 558 2132 bajus
578 2065 678 2118 saeculi
698 2063 803 2118 lucrum
823 2079 905 2132 quom
924 2067 1081 2118 animorum
1102 2077 1214 2116 suumn
1234 2079 1278 2116 re-

217 2161 336 2214 medium
355 2161 515 2226 intinduut,
549 2166 574 2214 et
601 2173 650 2230 psr
676 2161 824 2216 lumnam
845 2161 989 2215 astutiam*
1003 2159 1100 2214 debiles
1118 2158 1161 2212 ¹uel
1181 2169 1279 2230 cycnos

218 2273 370 2328 oppremere
395 2273 450 2312 non
472 2259 613 2314 desistunt.
659 2255 812 2324 Quoniam,
832 2263 834 2272 '
846 2260 962 2328 peccatis
982 2256 1160 2325 sarientibus,
1184 2258 1280 2312 multet

217 2356 337 2410 nomines
357 2355 521 2426 neplcpentes
542 2362 566 2410 et
585 2357 706 2411 bumana
727 2357 878 2427 eupiditate
892 2356 1032 2426 conpulsus
1052 2355 1212 2424 inproperio
1233 2372 1279 2409 ea-

217 2457 279 2508 dere
299 2454 480 2524 copnooimus,
505 2469 534 2508 eo
555 2456 628 2525 quod
648 2455 856 2524 ploriosissimus
877 2454 1045 2508 Rotborit
1065 2457 1115 2508 rese
1134 2455 1166 2507 in
1180 2451 1279 2508 ‘Edicto'

214 2553 319 2624 popina
348 2558 496 2616 statuerat,
527 2553 599 2607 inter
627 2552 786 2607 creditorem
800 2559 836 2606 'et
865 2552 1076 2606 debitorem-seu
1095 2551 1279 2620 fidejussorem

217 2651 393 2706 intentionem
413 2656 492 2718 orta,
523 2666 577 2719 quo
604 2652 692 2706 tinore
711 2651 806 2706 wadia
827 2650 959 2713 dedisset,
993 2656 1018 2704 et
1038 2649 1143 2703 debitor
1162 2655 1279 2705 statutae

217 2764 314 2804 causae
339 2749 427 2802 tinore
453 2749 609 2818 nepaoerit,
642 2749 779 2803 licentiam
806 2750 831 2802 ei
860 2764 921 2802 esse·
941 2753 1000 2802 aut'
1011 2763 1061 2817 per
1081 2756 1279 2803 sacromentum

218 2853 267 2902 out
284 2862 334 2916 per
353 2861 433 2900 aneso
453 2847 511 2916 ipso
532 2847 620 2901 tinore
636 2849 746 2917 ne'parei
774 2836 844 2902 ⁸Sed
868 2845 948 2900 nobis
972 2852 998 2901 'et
1018 2846 1119 2900 nostris
1138 2845 1279 2915 iudicibus

219 2951 299 3014 atque
318 2942 508 3015 Lanpobardis
528 2945 700 3000 adstantibus
714 2944 819 3015 iustum
842 2944 996 3013 conparuit,
1019 2949 1048 2998 ut
1066 2942 1114 2997 boc
1126 2926 1279 3012 perjurium

217 3045 291 3113 tieret
310 3049 473 3107 resecatums
497 3049 521 3097 ct
542 3045 583 3098 ita
603 3045 756 3107 statuimus,
779 3045 847 3098 siem
867 3043 957 3099 subter
977 3045 1113 3098 odneaum
1133 3043 1179 3097 ess.

296 3137 349 3214 (l.)
371 3139 409 3198 tt.
428 3139 461 3195 Si
483 3140 545 3212 quis
566 3141 718 3196 admodum
739 3141 768 3196 in
790 3141 930 3213 presentia
950 3141 1024 3212 regis
1044 3140 1088 3195 vel
1106 3138 1209 3211 judicis
1230 3154 1278 3194 seu

215 3237 368 3294 liberorum
388 3237 535 3294 hominum
556 3240 759 3310 qualecumque
781 3238 866 3292 modo
889 3237 976 3294 wadia
994 3237 1112 3302 dederit,
1136 3243 1164 3292 et
1180 3242 1296 3309 postca*

216 3350 319 3406 negare
349 3335 543 3392 voluerintne
573 3336 621 3408 qui
643 3336 732 3392 wadia
753 3336 831 3391 dedit
851 3336 927 3408 quod
948 3336 977 3392 in
999 3335 1048 3391 tali
1076 3334 1167 3391 tinore
1188 3335 1277 3391 wadia

217 3449 274 3489 non
297 3432 436 3503 dedisset,
467 3432 537 3490 sicut
567 3434 615 3490 ilie
644 3433 692 3506 qui
719 3432 807 3489 wadia
828 3431 949 3506 suscepit
970 3433 1113 3506 queritur=
1144 3419 1279 3490 siluerit

217 3531 291 3588 inter
310 3531 432 3588 hominis
454 3532 535 3589 liberi
557 3549 675 3605 quoram
697 3533 766 3588 fides
784 3533 956 3601 ammittitur,
981 3548 1037 3587 non
1055 3532 1278 3590 habeatlicentia

214 3631 307 3704 jurare
329 3631 455 3703 quadiu
476 3631 524 3687 teli
546 3633 637 3688 tinore
658 3631 747 3688 wadia
765 3648 821 3688 non
840 3631 966 3700 dedissit,
990 3631 1042 3687 nisi
1058 3633 1178 3704 qualiter
1192 3632 1278 3704 judex

218 3733 265 3805 qui
291 3731 426 3803 judicavit
455 3747 484 3786 se
512 3729 754 3799 rememoraverit,
781 3731 824 3785 vel
855 3725 983 3786 homiues
1013 3731 1061 3803 qui
1092 3730 1279 3787 interfuerunt

217 3832 330 3904 quando
352 3830 412 3905 ipsa
432 3829 521 3887 wadia
539 3828 617 3885 dedit
632 3827 850 3898 testificaverint,
874 3828 911 3885 ita
922 3830 1062 3902 conpleat,
1086 3836 1114 3885 et
1133 3830 1162 3884 iu
1180 3846 1277 3887 eorum

217 3929 377 3986 testimonio
398 3928 513 3990 enodata
547 3927 611 4000 quia
633 3926 656 3983 si
677 3926 818 3996 stantiam,
841 3943 924 4000 quam
946 3933 1010 3984 ante
1029 3927 1133 3984 liberos
1154 3928 1277 3985 hominis

217 4027 317 4101 aliquis
337 4027 413 4098 iacit,
436 4035 508 4084 stare
530 4027 626 4106 debit,
649 4034 754 4100 quanto
775 4028 864 4098 magis
885 4043 917 4083 ea
939 4043 1021 4085 eausa
1042 4043 1096 4099 que
1117 4029 1277 4099 per'wadia

216 4127 352 4196 firmatur,
375 4135 403 4183 et
424 4127 549 4183 homines
570 4127 651 4183 liberi
672 4127 827 4191 intersunt,
852 4141 953 4196 negare
974 4125 1043 4181 nihil
1065 4125 1189 4183 hominis
1210 4144 1278 4184 con-

217 4225 313 4281 venit?
335 4223 364 4280 Si
386 4241 450 4282 vero
472 4227 540 4282 tales
557 4224 679 4282 hominis
700 4225 774 4281 inter
793 4241 851 4281 non
867 4223 1100 4296 fuerintquorum
1114 4226 1278 4282 ammittitur

218 4325 301 4393 tides,
324 4324 436 4396 quando
457 4324 518 4397 ipsa
538 4323 626 4381 wadia
649 4324 712 4381 data
733 4322 833 4392 suerit,
863 4329 929 4380 tunc
951 4323 1052 4379 exinde
1081 4325 1215 4397 procedat
1232 4326 1277 4399 ju·

218 4421 332 4497 dicium,
354 4421 427 4479 sicut
446 4423 481 4479 ab
501 4423 591 4495 ipsum
613 4423 786 4480 dorsennus
807 4439 902 4494 regem
924 4429 965 4478 est
984 4422 1148 4482 institutum.
