3048 5130
526 559 665 606 unrcrou
687 559 754 608 cnr.
779 553 859 601 ιω-
873 555 921 602 nr.
1219 541 1264 606 tu

283 713 367 770 14⁸.
389 709 441 784 (De
461 727 491 767 eo
511 713 559 781 qui
575 718 636 782 post
656 717 763 782 occepta
783 711 964 782 conpositione
984 726 1011 765 oa
1026 707 1261 784 interponente.)

206 811 236 866 Si
258 811 342 867 horno
364 809 471 866 occisus
492 809 574 864 inerit
594 809 666 866 liber
686 816 733 866 aut
753 824 861 876 sertus,
891 814 919 865 et
945 824 996 881 pro
1023 807 1176 865 homicidio
1201 808 1263 883 ipso

205 908 363 980 conpositio
386 907 454 962 iacta
477 907 569 975 luerit,
592 915 620 962 et
641 922 692 979 pro
713 905 910 978 amputandam
925 905 1071 964 inimicitia
1090 914 1262 978 sagramento
1344 912 1352 920 “

205 1005 338 1077 prestita,
370 1011 396 1060 et
417 1008 512 1076 postea
543 1003 699 1074 contegerit
727 1009 757 1058 ut
777 1001 824 1059 ille
846 1003 893 1075 qui
914 1003 1138 1076 conpositionem
1158 1004 1273 1079 accepit

206 1101 399 1172 revindigendi
425 1115 534 1156 causam
557 1098 690 1156 occiderit
711 1098 853 1156 hominem
876 1098 911 1155 de
931 1106 1041 1172 partem
1059 1117 1114 1173 que
1134 1100 1264 1173 conposi-

207 1199 312 1254 tionem
328 1197 450 1269 aecepit:
467 1197 596 1268 jubemus
613 1203 641 1252 ut
659 1196 688 1252 in
699 1196 818 1252 dublum
829 1196 927 1253 reddat
939 1197 1027 1270 ipsam
1040 1198 1263 1271 conpositionem

204 1297 306 1352 iterum
327 1294 488 1367 parentibus
517 1302 564 1350 aut
584 1293 698 1350 domino
718 1293 798 1350 servi.
842 1293 932 1351 Simili
952 1295 1037 1351 modo
1065 1295 1148 1352 etde
1168 1297 1264 1369 plagas

205 1401 253 1450 aut
273 1387 383 1459 ierit'as,
416 1391 465 1464 qui
491 1397 555 1464 post
575 1399 686 1464 accepta
708 1389 932 1462 conpositionem
959 1409 988 1450 se
1014 1393 1155 1450 vindicare
1176 1399 1264 1450 tenta·

204 1492 285 1556 verit,
309 1491 337 1545 in
359 1489 473 1546 dublum
496 1487 571 1560 quod
592 1489 698 1560 accepit
719 1488 852 1558 restituat,
876 1498 992 1563 excepto
1010 1490 1032 1546 si
1054 1489 1195 1548 homiuem
1217 1507 1264 1549 oc·

203 1588 303 1646 ciderit
323 1593 499 1659 conponatur
518 1593 548 1640 ut
568 1602 659 1658 supra.

284 1686 369 1742 144.
392 1683 447 1757 (lle
466 1685 610 1755 magistros
625 1680 795 1756 conectens.)
817 1682 847 1740 Si
868 1683 1000 1754 magister
1021 1685 1179 1742 comacinus
1200 1702 1263 1744 eum

203 1785 373 1854 collegantcs
394 1797 459 1838 suos
480 1781 677 1853 cujuscumque
699 1780 812 1837 domum
832 1782 1040 1838 restaurandam
1062 1783 1105 1840 vel
1122 1783 1263 1855 subrigan-

205 1883 270 1937 dem
290 1895 374 1954 super
394 1895 443 1942 se,
467 1879 568 1951 placito
590 1876 669 1933 linito
687 1878 726 1936 tle
747 1877 890 1943 mercede,
919 1878 1085 1951 susceperit,
1118 1886 1145 1936 et
1166 1888 1263 1938 conte-

204 1979 276 2050 gerit
295 1977 417 2050 aliquem
437 1993 488 2049 per
509 1976 597 2047 ipsam
619 1975 749 2040 domum,
779 1982 826 2032 aut
846 1975 990 2034 maurium
1012 1979 1135 2050 elapsum
1156 1983 1203 2034 aut
1222 1979 1263 2034 la·

205 2077 309 2150 pidem,
333 2073 421 2131 mori:
446 2089 502 2128 non
525 2072 680 2144 requiratur
700 2073 846 2130 adomiuo
867 2074 944 2146 cujus
964 2075 1078 2130 domum
1091 2075 1187 2140 suerit,
1208 2075 1261 2132 uisi

206 2174 338 2245 magister
358 2170 519 2227 comacinus
541 2186 603 2226 curu
624 2170 800 2226 consortibus
827 2171 883 2227 suis
903 2171 993 2244 ipsum
1015 2172 1195 2230 homicidium
1215 2178 1263 2229 aut

205 2273 337 2328 domuum
358 2273 516 2342 conponata
540 2267 603 2340 quia
625 2275 771 2340 postquam
793 2268 823 2324 iu
852 2269 944 2326 tabula
965 2269 1043 2326 firma
1071 2271 1106 2327 de
1126 2270 1261 2326 mercedis

205 2385 257 2442 pro
278 2383 358 2424 suum
379 2368 489 2437 logrum
510 2364 636 2438 suscipit,
660 2381 717 2420 nou
738 2365 869 2421 inmerito
890 2366 994 2422 damno
1015 2375 1164 2424 susteneat.

220 2509 227 2525 .
284 2466 369 2523 145.
393 2463 443 2536 (lle
455 2472 565 2536 rogatur
581 2471 629 2519 out
645 2465 788 2520 conductos
802 2466 968 2535 magistros.)
991 2464 1020 2520 Si
1038 2465 1100 2537 quis
1117 2465 1262 2536 magistros

205 2563 367 2620 comacinas
393 2577 483 2618 unum
511 2567 558 2618 aut
585 2561 677 2633 plures
705 2561 843 2631 rogaverit
868 2568 919 2616 aut
935 2561 1101 2618 conduxerit
1121 2563 1155 2619 ud
1178 2579 1262 2636 opera

207 2659 350 2730 dictandi,
383 2666 429 2715 aut
457 2656 589 2715 solacium
617 2656 748 2714 diurnum
772 2658 952 2730 prestandum
980 2659 1051 2714 inter
1071 2677 1164 2717 servus
1185 2676 1260 2731 suos,

205 2759 319 2816 domum
340 2764 388 2814 eut
407 2772 499 2814 casam
520 2755 686 2822 taciendam,
709 2763 737 2812 et
752 2757 909 2826 contegerit
929 2772 980 2828 per
1000 2757 1088 2829 ipsam
1101 2773 1192 2814 casam
1213 2758 1263 2815 eli-

205 2873 290 2929 quom
311 2873 346 2912 ex
366 2855 442 2927 ipsos
463 2853 623 2911 comacinus
643 2853 731 2918 mori,
759 2870 816 2910 nnn
838 2853 995 2926 requiretur
1014 2854 1049 2910 ab
1074 2855 1164 2926 ipsum
1185 2855 1263 2928 cujus

206 2971 269 3011 casa
291 2960 342 3010 est.
385 2952 455 3008 Nam
475 2952 497 3006 si
519 2950 621 3007 cudens
641 2951 725 3007 arbor
744 2957 792 3007 aut
811 2949 881 3024 lapis
901 2969 935 3008 ex
956 2951 1044 3022 ipsam
1058 2952 1194 3023 lubrigum
1215 2969 1263 3010 oe-

204 3051 304 3108 ciderit
331 3049 452 3122 aliquem
482 3054 643 3104 extraneum
664 3055 710 3104 aut
730 3049 875 3121 quodlebit
903 3049 1035 3106 damnum
1056 3048 1171 3118 iecerit,
1204 3066 1262 3108 uon

205 3156 348 3222 reputetur
368 3148 478 3219 culpam
499 3145 641 3215 magistri,
674 3146 725 3202 sed
751 3145 798 3202 ille
827 3145 875 3218 qui
896 3147 1029 3204 conduxit
1048 3147 1108 3218 ipse
1130 3147 1262 3204 damnum

206 3253 353 3304 susteneat.
1024 3301 1028 3310 ,

284 3343 371 3399 140.
393 3339 448 3414 (De
468 3335 617 3412 inccndio.)
659 3337 691 3394 Si
719 3338 781 3410 quis
807 3355 898 3398 casum
926 3339 1044 3396 alienam
1073 3347 1132 3398 esto
1154 3341 1263 3408 auimo,

207 3439 283 3512 quod
304 3447 344 3496 eet
364 3437 534 3504 volontarie,
562 3435 737 3506 incenderit,
769 3435 798 3492 in
820 3437 943 3494 treblum'
958 3436 1084 3494 restituet
1104 3454 1153 3504 ea,
1185 3439 1264 3512 quod

206 3546 248 3595 est
267 3537 321 3594 sibi
343 3535 466 3603 tertiam,
488 3535 540 3590 sulr
561 3533 770 3591 extimationem
791 3533 889 3606 pretii,
917 3549 979 3591 eum
1001 3550 1112 3592 omnem
1133 3537 1264 3594 intrinse-

205 3653 254 3696 cus
274 3633 415 3707 quidquid
435 3631 512 3690 intus
532 3640 670 3690 crematus
691 3632 783 3701 luerit,
806 3648 863 3704 que
884 3631 966 3690 vieini
988 3632 1062 3688 bone
1083 3635 1148 3692 lidei
1167 3635 1264 3692 home·

207 3733 250 3791 nis
270 3730 517 3805 adpraetiavenent,
539 3729 677 3788 restaurit
710 3729 745 3786 lit
764 3729 786 3786 si
807 3730 902 3802 aliqua
923 3730 957 3787 de
978 3731 1147 3790 intrinsecus
1166 3732 1262 3791 domui

206 3838 265 3887 orta
287 3830 370 3887 luerit
389 3828 525 3899 intentio,
549 3837 615 3885 tune
636 3829 682 3886 ille
704 3827 754 3900 qui
775 3828 908 3885 damnum
929 3829 1044 3901 pertulit
1061 3829 1170 3902 juratus
1191 3829 1265 3888 dicet

207 3934 343 4002 quantum
363 3927 506 3985 incudem
525 3943 586 3984 casa
602 3925 739 3999 perdedit,
763 3933 791 3982 et
807 3926 911 3996 omnia,
935 3933 966 3982 ut
977 3927 1143 3996 dictumest,
1161 3927 1191 3984 iu
1210 3935 1264 3984 tre·

206 4028 285 4085 blum
307 4027 332 4083 ei
353 4026 513 4083 restituatur
533 4026 568 4082 ab
588 4026 648 4094 illo,
672 4023 719 4097 qui
735 4023 905 4081 voluntariae
917 4023 1001 4096 hujus
1020 4025 1084 4081 mali
1100 4027 1262 4096 penetravit.

285 4126 365 4183 141.
388 4124 439 4193 (De
457 4126 549 4196 sogum
578 4124 647 4192 [orie
673 4139 768 4178 novem
786 4124 861 4193 pedis
889 4138 908 4177 u
934 4123 1082 4194 seguiorem
1100 4121 1261 4198 portatum.)

208 4223 238 4280 Sl
275 4223 339 4296 quis
369 4223 461 4278 iocum
496 4221 563 4276 ioris
594 4235 693 4276 norem
725 4218 805 4291 pedis
835 4235 852 4275 a
884 4219 1006 4275 locolare
1039 4221 1206 4292 portaverit,
1238 4229 1268 4281 et

207 4322 341 4378 damnum
376 4337 410 4375 ex
447 4319 538 4391 ipsum
576 4318 670 4374 locum
707 4317 761 4374 sibi
798 4323 846 4372 aut
878 4315 993 4373 alterius
1030 4315 1133 4375 iactum
1169 4319 1263 4390 luerit,

208 4420 278 4493 ipse,
302 4417 352 4491 qui
373 4416 506 4489 portarit,
529 4415 663 4472 damnum
684 4419 826 4488 conponat
845 4412 992 4486 ferquido,
1015 4413 1045 4470 id
1064 4421 1107 4471 cst
1125 4415 1263 4483 sensilem,

208 4516 272 4574 ideo
293 4515 360 4589 quia
381 4516 481 4573 nolens
502 4512 584 4579 iecite
606 4520 634 4569 et
653 4513 677 4570 ai
697 4512 770 4570 intra
791 4511 866 4584 ipsos
887 4525 988 4568 uorem
1008 4511 1104 4584 pedis,
1127 4512 1205 4586 quod
1225 4519 1267 4570 est

526 4605 527 4608 ,
1008 4606 1053 4665 2·
1252 4596 1254 4609 .
