3048 5130
265 503 306 567 18
656 522 810 567 33333313
834 522 924 566 anais

340 674 426 730 lae.
466 672 513 730 lle
528 671 689 746 peeorario,
718 671 843 744 caprario
864 689 912 730 333
933 631 1102 730 3333311313
1123 671 1232 742 333133,
1259 687 1318 728 ma-

262 772 346 844 gistro
368 777 478 839 tamen,
501 768 524 825 si
545 769 607 842 quis
628 757 781 840 occiderit,
812 776 954 844 conponat
982 771 1087 828 solidos
1114 769 1231 841 viginti3
1265 787 1316 842 pro

261 869 411 941 discipolua
432 875 524 924 autem
544 867 592 940 qui
613 875 762 940 sequentes
782 874 847 924 suut
867 869 890 924 si
912 867 974 941 quis
996 869 1142 939 occiderit,
1175 874 1317 940 conponat

259 967 363 1024 solidos
384 966 514 1025 sedicem.
544 967 586 1022 lle
607 966 670 1023 illos
692 982 757 1023 vero
778 973 901 1038 pastores
923 966 1061 1036 dicimus,
1085 966 1132 1040 qui
1154 965 1189 1022 ad
1210 966 1315 1023 liberos

260 1065 387 1123 homines
408 1065 546 1128 serviunt,
571 1069 598 1118 et
619 1063 654 1119 dc
674 1064 730 1120 3313
753 1063 864 1136 3333313
886 1071 998 1119 exeunt.
1042 1121 1050 1138 ,

336 1163 416 1222 182.
438 1159 482 1235 (St
501 1162 595 1230 131333
612 1177 714 1231 parcos
735 1163 767 1216 dc
786 1164 921 1217 messario
942 1163 1042 1218 3331333
1061 1159 1168 1234 (emt.)
1199 1160 1230 1216 Si
1253 1160 1315 1232 quis

258 1261 394 1318 infantem
413 1260 527 1332 parvolo
550 1258 584 1314 dc
605 1273 684 1313 servo
705 1258 837 1330 massario
860 1275 924 1314 casu
944 1258 1091 1315 facientem
1108 1258 1251 1328 occiderit,
1274 1276 1317 1314 ar-

260 1361 376 1416 bitretur
396 1377 412 1416 3
429 1357 523 1431 judice
551 1356 705 1412 secundum
725 1357 837 1428 qualem
858 1362 980 1432 aetatem
1006 1357 1103 1414 habuit
1129 1366 1176 1414 aut
1206 1361 1316 1432 qualem

258 1460 366 1515 lucrum
386 1457 477 1514 iacere
499 1455 620 1527 potebat,
645 1453 682 1510 ita
704 1460 891 1526 conponatur.

337 1557 421 1614 1⁸8.
442 1551 495 1627 (Dc
516 1554 614 1608 arbore
633 1555 807 1609 communiter
827 1554 912 1609 iacim
927 1554 1060 1608 bominem
1079 1570 1156 1624 quem
1170 1552 1315 1628 occiserit.)

259 1654 289 1710 Si
310 1655 366 1712 duo
387 1658 434 1709 331
454 1658 508 1706 1333
538 1657 586 1706 331
612 1652 706 1723 313333
726 1649 855 1706 homines
884 1650 1013 1708 arborem
1040 1667 1126 1707 unum
1153 1652 1313 1722 inciserent,

258 1758 286 1808 et
307 1751 392 1808 alium
412 1749 555 1806 bominem
572 1747 814 1820 supervenientem
836 1753 917 1802 etex
938 1748 1029 1820 ipsum
1054 1749 1182 1806 arborem
1205 1750 1315 1806 occide-

258 1855 341 1919 rent,
370 1855 417 1906 aut
437 1845 577 1920 quodlibit
597 1845 730 1902 damnum
752 1845 892 1902 fecerent:
924 1850 989 1900 tunc
1010 1845 1165 1902 incidentes
1186 1849 1315 1904 arborem

257 1946 475 2019 quanticumque
502 1946 611 2000 luerent
639 1945 731 2016 ipsum
764 1943 947 2000 humicidium
976 1950 1023 1999 aut
1048 1944 1180 2000 damnum
1210 1947 1314 2018 pariter

258 2051 429 2117 conponant.
471 2043 550 2098 Etsi
572 2059 636 2099 casu
663 2041 843 2100 1331331331)
871 2041 930 2112 ipso
953 2042 1051 2098 arbore
1072 2043 1172 2115 aliquis
1193 2043 1314 2118 3313313

184 2199 189 2205 ,
257 2143 305 2214 qui
326 2141 454 2199 incidunt
475 2146 600 2198 mortuus
617 2139 708 2206 luerit,
731 2139 754 2195 si
776 2140 832 2195 duo
853 2138 1156 2210 133333133113333133,
1180 2141 1314 2198 medietas

256 2239 338 2311 pretii
359 2237 562 2310 3333131331111
584 2237 695 2302 mortui,
720 2243 747 2293 et
767 2236 944 2294 medictatem
963 2237 1061 2294 reddat
1075 2239 1236 2310 parentibus
1258 2241 1314 2296 col-

256 2337 319 2406 lega
340 2335 443 2407 1331333
476 2340 505 2392 31
534 2335 671 2406 siplures
694 2334 820 2400 1333331,
844 2335 919 2391 idem
939 2335 1024 2400 modo
1044 2337 1136 2408 portio
1158 2354 1212 2392 una
1233 2353 1314 2410 repo·

257 2439 329 2490 tetur
354 2434 396 2490 illi
421 2433 539 2503 mortui,
570 2440 597 2489 et
626 2433 843 2506 quanticumque
874 2433 984 2490 1333331
1011 2434 1064 2491 3131
1092 2435 1210 2490 reddant
1230 2435 1312 2492 simul

256 2546 361 2587 summa
382 2531 475 2604 pretii,
499 2539 625 2588 cessante
646 2531 730 2601 laida,
753 2531 817 2589 idco
838 2531 903 2604 quia
925 2532 1049 2588 nolendo
1070 2532 1205 2590 iecerunt.

334 2631 420 2686 loo.
442 2628 496 2696 (Dc
520 2647 651 2686 33333333
671 2629 868 2703 temperatum.)
910 2630 940 2686 Si
966 2630 1028 2702 quis
1058 2629 1142 2686 bomo
1169 2629 1240 2686 liber
1267 2639 1314 2687 aut

257 2725 359 2782 mulier
378 2743 517 2782 venenum
538 2732 731 2798 temperaverit
751 2726 846 2782 etalii
866 2728 901 2782 ad
919 2727 1078 2784 bevendum
1098 2727 1164 2784 dare
1184 2729 1312 2796 voluerit,

256 2830 397 2897 conponat
416 2824 522 2880 solidos
543 2823 659 2895 viginti,
690 2823 760 2880 31331
784 2823 833 2880 1113
854 2823 901 2896 qui
923 2823 958 2880 de
978 2829 1066 2880 morte
1087 2825 1200 2882 alterius
1221 2826 1312 2883 eonsi-

254 2920 335 2978 llatus
356 2921 447 2982 luerit.
992 2981 994 2990 ,

333 3022 422 3098 141).
464 3017 495 3075 Si
520 3018 592 3075 liber
619 3025 666 3074 331
686 3017 774 3073 libera
795 3033 934 3074 venenum
955 3017 1002 3074 3111
1023 3017 1133 3075 dederit
1152 3019 1188 3076 ad
1208 3020 1311 3077 beven-

255 3117 340 3186 dum,
373 3097 400 3173 31
426 3116 473 3189 qui
495 3117 634 3187 acceperit
661 3132 696 3172 ex
720 3115 812 3188 ipsum
833 3132 971 3172 venenum
992 3123 1116 3172 mortuos
1138 3134 1194 3174 non
1216 3119 1308 3184 luerit,

255 3221 396 3287 conponat
420 3215 470 3287 qui
498 3230 635 3270 venenum
663 3213 740 3269 dedit
759 3213 938 3272 medietatem
959 3213 1041 3288 pretii
1058 3215 1143 3287 ipsius
1164 3217 1241 3289 quod
1261 3217 1311 3274 ad·

254 3313 387 3384 pretiatus
408 3311 490 3368 133311
510 3313 532 3368 si
554 3328 617 3367 cum
639 3311 787 3367 occidissit.

332 3412 411 3468 141.
454 3409 483 3466 Si
515 3409 576 3481 quis
597 3425 735 3465 venenum
759 3409 795 3465 ad
815 3409 972 3466 bevendum
993 3410 1118 3476 dederit,
1148 3418 1175 3471 et
1195 3413 1243 3486 qui
1264 3431 1309 3470 ao-

254 3507 359 3579 ceperit
378 3513 501 3563 mortuus
523 3507 615 3576 133311,
639 3508 757 3580 pretium
777 3508 880 3564 mortui
896 3509 1050 3565 secundum
1065 3509 1227 3582 qualitatem
1246 3529 1308 3586 per-

253 3621 321 3662 sone
342 3603 371 3662 13
392 3605 532 3674 integrum
553 3613 701 3677 conponat.

331 3704 410 3761 142.
452 3701 483 3758 Si
504 3718 596 3758 servus
617 3709 665 3758 aut
685 3703 786 3760 ancilla
806 3719 945 3760 venenum
967 3703 1049 3761 alicui
1070 3706 1189 3777 dederit,
1212 3709 1307 3766 311113

252 3801 301 3874 qui
321 3801 428 3872 accepit
447 3806 571 3856 mortuos
593 3817 649 3856 333
672 3800 768 3871 133311,
791 3809 933 3875 33333331
953 3802 1083 3859 domiuus
1104 3805 1173 3862 servi
1195 3808 1237 3862 331
1258 3825 1308 3864 an·

252 3900 314 3956 cille
344 3898 520 3956 medietatem
541 3899 622 3970 pretii
644 3899 720 3972 quod
741 3899 801 3971 ipse
828 3900 945 3956 valuerit
972 3900 1021 3973 qui
1049 3902 1171 3975 accepit;
1200 3912 1228 3961 et
1257 3922 1307 3978 per

252 3997 346 4054 omnia
366 3997 426 4070 ipse
447 4012 540 4053 servus
560 3997 602 4052 331
623 3997 724 4053 3331113
745 3997 774 4054 13
795 3997 855 4070 ipsa
876 3999 1087 4070 conpositione,
1114 4016 1165 4072 pro
1187 4010 1306 4074 quantus

250 4094 418 4167 adpretiatus
439 4094 530 4164 luerit,
553 4093 588 4150 ad
610 4094 795 4151 occidendum
816 4093 949 4151 tradatur.
980 4097 1016 4152 Et
1036 4097 1057 4152 si
1078 4105 1203 4155 mortuos
1223 4098 1307 4155 133311

250 4192 299 4264 qui
319 4193 443 4265 accepit,
474 4199 541 4249 tunc
560 4191 690 4249 dominus
711 4193 783 4250 servi
804 4194 847 4249 vel
869 4194 969 4251 ancille
990 4193 1080 4266 ipsum
1107 4195 1249 4252 bominem
1274 4196 1303 4252 in

249 4289 388 4359 integrum
409 4299 567 4363 conponat;
590 4291 630 4348 sic
650 4297 743 4348 133333
765 4297 795 4346 31
814 4307 907 4349 servus
928 4299 974 4351 aut
992 4293 1093 4350 ancilla
1113 4293 1141 4349 in
1163 4293 1304 4366 1333333-

249 4385 398 4459 positione,
421 4404 472 4460 pro
494 4389 591 4462 quanti
605 4388 773 4462 adpretiatus
794 4389 886 4460 133311,
909 4391 945 4447 ad
963 4391 1147 4448 occidendum
1168 4389 1300 4464 tradatur,

249 4484 372 4542 3133113
392 4484 428 4541 311
448 4486 602 4560 redemptio
624 4493 671 4545 aut
691 4487 829 4546 excusatio
851 4488 947 4545 mortis
967 4487 1039 4546 33331
1061 4487 1103 4546 331
1124 4485 1233 4544 ancille.
