3022 5144
547 528 685 572 nurerum
708 527 774 575 cnr.
792 521 829 565 toi
845 543 871 552 -
885 521 931 566 ior.
1214 509 1255 573 93

198 685 388 755 copnooimus,·
410 687 435 736 et
454 697 527 736 nunc
547 681 665 751 cuidem,
685 685 796 750 propter
811 679 932 749 sinentes
947 681 1102 735 occasiones
1122 697 1172 752 quc
1184 685 1256 738 inter

198 783 316 836 homines
337 783 473 846 oriuntur,
495 780 677 850 perspeximus
698 779 779 832 ctiam
800 783 823 831 et
843 777 923 831 modo
937 779 1085 847 odjunperc
1104 797 1155 850 que
1175 797 1255 852 opor-

197 887 264 935 tuno
285 897 339 934 esse
357 880 516 949 prodantur.
555 877 592 932 Et
612 878 653 931 itu
672 876 815 930 statuimus
836 881 916 945 utque
937 878 1100 945 concedmus,
1123 886 1153 934 ut
1173 895 1190 934 o
1212 881 1256 935 die

197 979 249 1032 isto
268 978 446 1032 kalendorum
465 976 638 1043 martiorum,
662 989 735 1028 anno
755 974 833 1044 repni
854 977 951 1043 nostri,
974 974 1032 1030 Deo
1053 980 1181 1048 propitio,
1215 996 1256 1033 se-

195 1077 280 1146 ptimo
301 1077 413 1138 decimo,
438 1075 586 1129 indictione
607 1073 775 1138 duodecima,
798 1071 837 1126 sic
858 1073 951 1128 debeat
972 1076 1005 1128 de
1024 1075 1084 1129 istis
1105 1077 1193 1131 causis
1207 1077 1256 1147 ju-

200 1175 301 1228 dicium
320 1174 477 1243 prorederc‚·
500 1187 566 1225 nom
586 1171 658 1240 quod
679 1176 872 1226 untcostotutc
886 1177 958 1234 sunt,
981 1173 1061 1227 modo
1080 1175 1194 1228 menime
1212 1191 1257 1229 rc-

196 1272 351 1326 oolocntur.
388 1267 625 1336 octonorum
646 1269 764 1322 constitit
784 1285 844 1322 cum
863 1270 963 1324 nostris
986 1271 1126 1340 judicibus
1147 1279 1203 1327 tom
1225 1274 1258 1326 de

197 1365 311 1424 dustria
331 1375 355 1423 et
374 1365 513 1430 Neudrio,
538 1373 562 1421 et
582 1367 614 1420 dc
636 1364 748 1421 Tusciae
765 1367 900 1436 portibus,
923 1368 965 1421 ool
984 1385 1043 1424 cum
1068 1371 1160 1424 ceteris
1180 1368 1259 1425 Inm-⁴

198 1467 327 1536 potandis
346 1467 468 1536 fidelibus
488 1465 606 1520 nostris:
628 1465 660 1518 id
681 1470 719 1518 est
739 1465 770 1518 in
788 1465 886 1533 primis

279 1561 323 1636 (l.)
346 1565 434 1621 104.
457 1561 486 1618 Si
508 1577 601 1617 servus
623 1561 819 1633 cujuscumque
840 1560 947 1616 habens
968 1561 1121 1632 legitimam
1143 1580 1259 1620 oxorem

199 1666 227 1716 et
247 1663 329 1718 aliam
349 1660 481 1717 ancillam
501 1675 584 1730 super
611 1673 672 1714 eam
703 1657 828 1722 duxerit,
855 1665 1005 1731 conponat
1035 1659 1167 1718 dominus
1187 1661 1258 1718 servi

199 1758 271 1815 sicut
289 1759 390 1817 Edicto
412 1758 447 1814 de
469 1757 604 1814 adulterio
626 1754 752 1812 contenit
773 1756 799 1812 ei
821 1756 898 1828 cujus
914 1755 1045 1812 ancillam
1063 1765 1158 1830 postea
1180 1759 1258 1824 tolit;

199 1858 301 1914 ancilla
322 1875 387 1914 vero
409 1857 469 1929 ipsa
489 1871 540 1928 pro
560 1853 673 1910 inlecita
695 1855 905 1927 presumptione
927 1853 1046 1927 accipiat
1065 1856 1149 1912 talem
1176 1855 1261 1912 disci-

199 1953 306 2027 plinam
327 1973 342 2012 a
363 1955 479 2011 domino
500 1970 551 2009 suo
572 1953 602 2008 in
624 1951 765 2024 presentia
787 1952 822 2008 de
853 1952 968 2009 domino
995 1953 1083 2023 servi,
1117 1961 1146 2009 ut
1177 1953 1260 2011 aliam

201 2053 331 2109 ancillam
352 2052 406 2109 hoc
428 2052 519 2107 iacere
540 2066 598 2106 non
620 2056 768 2122 presumat.

281 2149 343 2225 (ll.)
371 2149 460 2207 1⁰5.
490 2149 532 2204 De
553 2148 596 2203 his
618 2148 666 2220 qui
688 2148 723 2203 de
743 2146 858 2203 inlecito
879 2147 1060 2204 matrimonio
1082 2155 1146 2204 ante
1168 2155 1262 2222 tempo

201 2247 259 2304 nati
281 2257 355 2315 sunt,
379 2255 406 2303 et
427 2247 467 2302 eis
487 2245 612 2317 legetimi
633 2244 724 2302 fratris
745 2245 787 2300 sui
799 2245 968 2301 voluntariae
990 2253 1098 2318 partem
1113 2247 1261 2319 dederunt,

201 2346 240 2401 ita
260 2345 415 2413 statuimus,
439 2351 468 2400 ut
488 2344 511 2400 si
533 2344 558 2400 ei
581 2343 672 2399 fratris
693 2344 735 2399 sui
757 2343 880 2414 legetimi
898 2344 1069 2401 voluntariae
1086 2353 1194 2418 partem
1215 2347 1264 2403 de·

202 2443 313 2512 derunt,
337 2442 366 2498 in
388 2442 448 2515 ipso
471 2442 590 2498 deveant
610 2457 786 2514 permanere,
809 2449 835 2497 et
856 2458 905 2498 eos
925 2442 1118 2500 exhereditare
1138 2445 1262 2502 menime

203 2540 340 2604 deveant3
371 2557 434 2597 nam
465 2545 544 2612 pater
569 2555 626 2594 non
649 2539 736 2611 possit
764 2539 827 2596 illos
847 2539 977 2596 inlecitus
1000 2557 1090 2614 neque
1111 2559 1163 2614 per
1184 2544 1263 2600 thinx

203 2640 246 2694 vel
267 2655 317 2711 per
338 2639 535 2711 qualicumque
556 2636 720 2693 conludium
748 2637 859 2693 heredis
885 2637 1041 2695 instituere.
1083 2641 1146 2697 Hoc
1172 2647 1264 2698 autem

203 2737 267 2793 ideo
289 2744 408 2794 statuere
429 2712 616 2809 presidemus,
635 2740 670 2802 ¹ut
691 2751 789 2791 omnes
810 2735 896 2792 homo
918 2736 966 2809 qui
987 2739 1044 2793 vult
1059 2737 1176 2812 accipiat
1197 2755 1264 2795 oxo-

201 2852 261 2891 rem
282 2835 451 2905 legetimam,
475 2851 532 2891 non
554 2835 681 2892 inlecitas
702 2841 829 2892 eontraat
850 2826 969 2908 nuptias.
1001 2836 1031 2893 si
1052 2845 1144 2894 autem
1166 2838 1264 2894 iratres

204 2950 259 2988 non
282 2941 355 3002 sunt,
379 2941 407 2990 et
427 2933 549 3007 parentis
570 2932 723 3006 propinqui
745 2932 855 2990 luerent
875 2933 924 3006 qui
952 2940 1104 3007 potuerunt
1131 2934 1262 3006 legetime

205 3032 239 3088 ad
261 3032 441 3088 hereditatem
462 3031 578 3100 venire,
602 3037 629 3087 et
649 3048 737 3103 usque
757 3031 843 3088 modo
866 3038 1029 3097 tacuerunt,
1054 3039 1162 3088 taceant
1183 3038 1211 3088 et
1230 3031 1259 3088 in

205 3139 300 3186 antea:
324 3138 351 3185 et
371 3131 477 3186 nullam
494 3129 616 3186 habeant
637 3137 734 3186 contra
756 3145 804 3185 eos
826 3129 874 3202 qui
891 3129 1015 3201 possedit
1035 3146 1087 3201 per
1106 3146 1160 3184 xxx
1174 3145 1264 3186 annos

204 3227 365 3297 ingundiam
387 3228 539 3300 loquendi,
564 3227 684 3284 dicendo
706 3228 783 3299 quod
805 3227 943 3284 exherede
965 3243 1025 3284 esse
1047 3227 1185 3297 debeant,
1210 3227 1263 3285 nisi

205 3325 280 3398 quod
301 3341 352 3396 per
372 3341 427 3379 xxx
447 3341 537 3381 annos
558 3326 755 3398 possederunt,
779 3325 956 3398 possedeant.

286 3422 360 3496 (tlt.)
390 3424 481 3481 106.
513 3423 543 3479 Si
564 3423 627 3496 quis
648 3423 759 3480 aldiane
780 3423 900 3480 alienam
928 3429 974 3479 aut
994 3439 1071 3479 suam
1093 3424 1129 3479 ad
1150 3441 1264 3482 uxorem

206 3523 302 3578 tollere
323 3519 456 3590 voluerit,
481 3520 561 3578 iaciat
582 3537 643 3577 eam
666 3521 833 3590 widribora‚
857 3521 928 3576 sicut
947 3520 1062 3578 Edictus
1083 3523 1209 3578 contenit
1229 3523 1264 3578 de

206 3621 351 3683 ancillam
379 3635 444 3674 nam
465 3619 513 3692 qui
534 3619 594 3675 sine
616 3619 675 3691 ipsa
698 3618 875 3675 ordinatione
898 3634 959 3674 eam
981 3619 1059 3692 quasi
1082 3627 1197 3677 exorem
1219 3620 1265 3676 lra-

206 3719 307 3786 buerit,
332 3716 381 3774 lilii
404 3715 451 3788 qtri
473 3733 507 3772 ex
529 3734 561 3773 ea
583 3709 640 3772 nati
658 3716 768 3772 luerent
784 3732 840 3771 non
853 3717 910 3772 sint
922 3717 1045 3787 legetimi
1057 3719 1104 3774 sed
1120 3717 1263 3774 naturalis.

286 3811 381 3888 (llll.)
403 3815 486 3872 tur.
509 3813 538 3870 Si
560 3816 652 3886 plures
669 3814 797 3871 homenis
814 3817 947 3872 cartolam
963 3817 1175 3873 convenientiae
1192 3815 1276 3872 inter„

206 3931 234 3971 se
255 3914 389 3981 fecerent,
412 3917 440 3967 et
459 3927 551 3984 poena
571 3919 732 3985 posuerunt,
757 3921 784 3968 et
806 3920 901 3985 postea
922 3931 1004 3982 unus,
1029 3913 1107 3981 duos,
1131 3921 1179 3968 aut
1199 3919 1264 3983 tres,

205 4013 247 4069 vel
268 4011 387 4085 amplius
409 4026 437 4066 se
458 4010 493 4065 de
514 4009 574 4082 ipsa
595 4010 820 4068 convenientiam
842 4011 985 4068 subtraere
1006 4028 1036 4067 se
1055 4011 1199 4066 noluerent
1220 4017 1267 4066 aut

205 4127 299 4183 poena
318 4114 491 4182 rupperent:
522 4108 713 4182 unusquisque
743 4125 794 4182 per
821 4116 905 4182 ceput
931 4113 1073 4182 conponat
1094 4109 1153 4182 ipsa
1175 4125 1268 4181 poena-

207 4225 291 4281 quam
312 4213 465 4280 posuerunt
485 4205 513 4261 in
535 4205 690 4276 integrum,
723 4207 788 4280 quia
819 4223 916 4264 omnes
942 4206 1122 4263 unianimiter
1147 4224 1267 4264 consen·

207 4313 321 4374 serunt,
354 4311 382 4360 et
411 4304 502 4359 nullus
529 4319 577 4358 eos
598 4303 744 4376 imperavit
770 4305 833 4361 talis
854 4321 966 4362 causam
987 4304 1098 4369 laceret
1130 4305 1195 4362 ideo
1217 4323 1268 4380 per·

209 4410 291 4476 caput
313 4411 475 4475 conponant
495 4403 543 4476 qui
565 4411 701 4476 ruperunt
721 4405 781 4477 ipsa
802 4421 915 4477 poena,
950 4403 1022 4460 sicut
1047 4419 1097 4476 per
1118 4410 1267 4477 caputve·

208 4501 343 4559 loutariae
365 4507 577 4560 consenserunt.
898 4507 903 4514 ’
