3022 5144
1199 473 1239 534 m

231 644 352 729 tudine)
378 647 602 710 aestimandum
620 665 689 708 esse
707 648 745 709 ad
764 607 846 710 idam
864 648 999 728 pretium
1019 668 1054 710 ao
1078 650 1104 710 si
1128 649 1239 731 gallico

231 779 316 822 more
340 779 394 820 sen
420 779 462 852 exv
482 759 593 841 ligneis
616 759 770 822 asseribus
805 758 857 844 (oi.
877 761 984 822 adnot.
1008 763 1046 822 ad
1067 763 1087 840 ξ
1107 761 1236 838 CLVII).
1325 815 1327 819 ,

319 872 359 932 m
381 875 454 934 scias
476 873 546 951 qnia
568 874 618 932 nbi
639 891 698 932 ano
721 874 815 950 tepula
835 875 964 950 ponitur,
983 876 1142 952 qundecim
1164 877 1238 936 scin-
1365 917 1368 926 .

230 987 310 1045 doma
332 987 445 1086 lobnam
480 987 549 1064 qnia
577 993 688 1044 canam
716 986 924 1064 quinquaqinta
947 989 1055 1064 tcpalas
1078 990 1135 1048 dno
1158 957 1266 1050 milia⁸

229 1097 396 1175 qniapcncas
425 1099 567 1158 scindolaa
598 1099 700 1162 noan.
748 1095 900 1158 Gallicum
929 1117 1008 1178 opus
1032 1099 1164 1162 vidimus
1187 1120 1237 1164 su-

229 1207 335 1290 perius
357 1208 441 1271 idem
465 1229 534 1274 osse
557 1229 593 1272 ao
616 1209 856 1303 ligneum-opus
879 1230 934 1272 seu
958 1210 1137 1274 tabulatum.
1176 1213 1237 1274 Ta·

230 1319 367 1398 bulatum
391 1341 464 1386 vero
487 1322 578 1386 tectis
600 1323 756 1386 struendis
775 1330 1041 1404 aptum,constat
1063 1345 1104 1391 ex
1126 1325 1237 1388 asseri·
1353 1367 1355 1378 ,

229 1435 286 1495 bus
309 1433 443 1496 exilibus
465 1437 609 1498 scindulae
632 1434 681 1497 vel
705 1437 858 1498 scandulae
873 1435 965 1498 dictis
990 1434 1134 1519 (accepta
1156 1438 1237 1500 anti-

228 1546 331 1628 quitus
368 1568 386 1609 a
423 1547 584 1611 Germanis
617 1567 694 1610 voce
732 1544 887 1630 scbindcl),
927 1549 1058 1611 testibus
1095 1551 1236 1614 Vitruvio

109 1643 111 1646 ’
229 1655 1234 1746 mmmmfflmmmmmummm

229 1788 289 1832 non
320 1771 427 1852 paucis
457 1791 497 1834 cx
533 1773 690 1836 veteribus
724 1771 945 1854 scriptoribus:
981 1793 1042 1835 una
1073 1781 1177 1834 autom
1206 1781 1237 1834 et

227 1883 325 1946 altera
348 1905 409 1946 vox
432 1884 565 1948 babetur
587 1885 618 1948 in
642 1885 762 1967 legibus
785 1885 916 1953 nostris,
951 1886 1004 1949 nbi
1028 1886 1236 1969 Lintprandns
1273 1949 1277 1962 ,

228 1997 383 2060 scindulas
406 1998 559 2080 appellat.
587 2019 664 2082 quas
687 1998 829 2062 Rotbaris
854 1997 887 2083 (ξ
911 1997 1122 2081 CCLXXXII)
1147 2018 1235 2060 scan-

227 2109 339 2174 dulas*
373 2110 505 2173 Pretium
530 2110 632 2192 gallici
657 2111 760 2192 operis
786 2109 837 2193 (ci.
860 2113 967 2174 adnot.
993 2112 1032 2175 ad
1054 2113 1074 2192 ξ
1098 2109 1234 2194 CLVlll)

226 2220 284 2284 luit
308 2241 382 2303 ergo
405 2243 539 2304 aequum
563 2223 629 2286 sire
653 2243 692 2286 ox
715 2222 820 2304 parvis
843 2222 909 2286 sive
927 2244 966 2286 ex
982 2224 1101 2306 magnis
1124 2222 1234 2285 asseri-

227 2334 284 2398 bus
307 2335 432 2398 ducbrm
453 2344 547 2407 esset,
574 2335 679 2398 babila
702 2335 821 2398 ratione
845 2335 972 2398 minoris
985 2335 1145 2416 impensae
1161 2355 1233 2417 par·
1341 2363 1344 2370 ·

168 2433 170 2440 ,
227 2445 273 2508 vis
296 2447 451 2510 asseribus
468 2454 539 2528 (seu
553 2444 713 2531 scindulis)
737 2447 952 2528 comparandis
971 2455 1123 2530 auctaque
1138 2467 1232 2530 opera

227 2559 343 2621 inillis
366 2560 570 2633 collocandis,
597 2571 661 2622 tum
686 2560 809 2622 maioris
833 2559 1005 2640 impensae,
1033 2560 1233 2640 minutaeque

227 2691 342 2753 operae
365 2693 421 2754 pro
445 2674 600 2736 asseribus
625 2673 800 2738 maioribus.

315 2787 354 2846 Et
386 2789 411 2848 si
433 2805 529 2848 massa
549 2788 725 2864 scasdcdcrit,
759 2787 869 2848 scacnti
893 2788 979 2866 pedes
999 2788 1031 2846 in
1052 2787 1141 2847 solido
1164 2805 1230 2849 ano.

224 2898 450 2978 Antaponcnda
478 2899 613 2980 plurium
642 2898 782 2962 codicum
807 2898 899 2962 lectio
922 2919 1018 2960 ncoscc
1040 2918 1097 2979 pro
1120 2917 1227 2970 mnam

225 3009 312 3072 alteri
338 2989 431 3074 otiam
446 3012 569 3075 codices
583 3011 701 3074 babent
722 3013 860 3091 fundent,
887 3010 975 3074 altari
998 2998 1158 3090 snmcdcrit
1181 3009 1231 3072 vel

223 3126 277 3198 int,
304 3144 323 3186 a
346 3125 441 3187 verbo
463 3127 600 3204 fundans,⁸
633 3134 681 3188 est
709 3124 794 3188 enim
822 3123 909 3186 bisce
941 3125 972 3185 in
1004 3123 1124 3205 legibus
1152 3123 1230 3185 ratio

224 3236 306 3301 illius
322 3245 499 3300 structurae
523 3258 604 3319 qnae
627 3211 710 3318 apud
726 3237 861 3300 Graecos
885 3245 917 3300 et
928 3238 1082 3298 Romanos
1111 3238 1143 3296 w*
1165 3255 1230 3296 eru-

225 3350 348 3430 pleclon
364 3370 475 3414 nornen
489 3350 632 3419 obtinuit,
659 3369 804 3432 quaeque
827 3349 858 3412 in
883 3369 958 3412 cava
981 3358 1062 3411 terra
1086 3367 1230 3410 caemen-

224 3462 290 3526 titie
310 3462 498 3527 fundebatur
520 3474 614 3546 atque
633 3462 807 3536 confertim,
833 3463 906 3527 durn
929 3461 1126 3524 omnimodae
1150 3461 1230 3524 aliae

223 3580 394 3638 structurae
416 3574 536 3640 fiebant
557 3577 597 3640 ad
620 3595 760 3640 normam
784 3583 815 3638 et
832 3574 980 3637 libellam.
1029 3573 1145 3656 Optimi
1160 3575 1229 3636 aevi

224 3687 389 3768 scriptores
405 3707 513 3750 rocem
536 3703 632 3750 massa
654 3707 749 3769 saepo
772 3695 898 3752 snrnunt
920 3707 975 3769 pro
999 3707 1129 3766 acervo,
1167 3683 1228 3748 ire·

223 3807 355 3882 quanter
387 3800 480 3862 eliam
502 3800 635 3864 occurrit
657 3800 688 3862 in
712 3800 798 3864 libris
822 3799 1086 3873 inscribtionem,
1118 3805 1149 3860 at
1173 3818 1228 3860 uos

223 3911 316 3974 otiam
348 3913 441 3992 vulgo
472 3912 603 3977 dicimus
634 3933 750 3975 marcac
773 3933 793 3976 c
814 3933 908 3986 sacco,
933 3932 1048 3974 murare
1070 3932 1089 3972 c
1111 3930 1225 3972 masso:

223 4025 263 4086 nd
293 4045 357 4087 rem
381 4025 519 4099 Plinius,
552 4025 713 4106 praeclaro
742 4025 810 4089 loco
834 4011 886 4090 lib.
911 4025 1055 4090 XXXVI.
1080 4021 1140 4095 68,
1176 4022 1228 4084 ubi

222 4137 262 4198 de
287 4155 438 4200 marmore
471 4137 626 4202 numidico
656 4139 810 4222 loquitur,
847 4138 931 4220 quod
955 4135 1144 4198 adhibebant
1166 4135 1227 4196 llo·

223 4249 304 4312 niani
329 4269 412 4334 „noo
432 4251 468 4312 in
492 4251 642 4313 columnis
666 4260 768 4316 tamon
794 4249 955 4322 omnisve,
979 4249 1037 4399 apd
1064 4247 1094 4310 in
1127 4265 1228 4308 massa
