3022 5144
264 493 306 556 96
647 511 833 558 nrnnrnsnov
855 511 947 556 eneis

263 665 405 736 elegentes
425 662 485 720 sine
506 663 646 720 volontate
662 668 811 735 parentum
825 677 941 719 suorum
962 661 997 718 ad
1013 661 1144 718 maritum
1159 660 1319 730 ambulavit,

264 779 316 820 nee
337 762 390 818 luit
409 761 458 834 qni
475 760 612 834 justitiam
634 760 693 832 ejus
714 761 883 834 exquireret.

344 893 433 970 (XII.)
463 894 543 951 115.
572 893 602 949 Si
624 893 687 967 quis
708 891 864 966 possederit
884 893 1089 966 qualiscunque
1111 909 1169 949 rem
1191 893 1321 948 movilem

264 1003 312 1050 out
332 993 495 1050 inmovilem
516 1008 567 1063 per
587 994 719 1049 cartolam
741 993 854 1058 selsam,
888 1000 915 1048 et
936 993 1118 1064 adprovatum
1139 991 1224 1048 luerit
1244 991 1322 1064 qnod

264 1109 315 1164 per
333 1091 394 1164 ipso
416 1093 539 1148 monime
557 1091 656 1147 laisum
672 1107 731 1146 rem
747 1091 836 1162 ipsam
850 1091 1016 1163 possederit,
1037 1107 1093 1146 non
1112 1105 1176 1145 eum
1192 1089 1323 1145 defendat

263 1190 401 1263 possessio
423 1207 493 1254 sna,
516 1190 571 1244 hoc
592 1195 633 1244 est
654 1205 708 1243 xxx
729 1205 888 1256 annnorum,
920 1205 971 1243 nec
992 1187 1122 1244 excludat
1142 1187 1221 1243 illum
1244 1187 1323 1259 cnjus

262 1303 305 1342 res
327 1287 525 1358 legiensium,
553 1286 601 1341 sed
624 1286 730 1342 amittat
751 1286 837 1357 ipsom
861 1302 1025 1359 remquam
1047 1302 1097 1358 per
1118 1287 1252 1342 cartolam
1273 1285 1324 1341 lol-

262 1401 321 1441 sem
342 1384 481 1458 possidet,
510 1383 533 1439 si
555 1390 665 1450 tamen,
690 1390 720 1438 nt
737 1383 873 1453 diximus,
897 1385 1080 1456 adprovatnm
1102 1381 1202 1452 inerit,
1226 1389 1253 1438 et
1273 1383 1321 1439 ille

264 1481 352 1553 ipsam
374 1481 505 1554 recipiat,
528 1482 573 1537 cui
594 1489 675 1538 antea
696 1498 746 1555 per
766 1483 858 1553 legem
880 1482 1020 1553 pertinere
1041 1481 1184 1538 debuerat.

343 1639 449 1715 (Xlll.)
477 1643 560 1700 110.
583 1641 612 1698 Si
635 1640 698 1713 quis
720 1641 932 1698 commutaverit
952 1650 1053 1698 terram
1075 1646 1123 1698 ant
1143 1648 1252 1714 pratum
1278 1645 1322 1699 vel

263 1740 378 1809 silvam,
401 1746 430 1796 et
449 1737 520 1796 inibi
541 1738 728 1808 laboraverit,
750 1747 778 1796 et
799 1740 958 1796 aedilicium
980 1739 1094 1807 feeerit,
1128 1747 1176 1796 aut
1196 1743 1325 1799 clausura

263 1845 312 1896 aut
331 1839 412 1895 vines
433 1838 576 1911 posuerit,
599 1845 626 1894 ct
647 1845 744 1910 postea
764 1839 916 1894 surrexerit
936 1838 1033 1895 tertius
1053 1840 1139 1894 homo
1160 1841 1209 1913 qui
1230 1841 1323 1913 ipsum

263 1938 357 1993 lecum
379 1952 462 1992 snum
481 1935 572 2004 iaciat,
596 1941 624 1990 et
639 1950 704 1990 eum
726 1935 772 1991 ille
795 1935 842 2007 qui
859 1935 936 1992 dedit
951 1934 1101 1992 defendere
1113 1953 1170 1994 non
1187 1939 1320 2011 potnerit,

262 2035 379 2107 recipiat
399 2051 458 2090 vem
479 2051 558 2089 suam
571 2049 656 2105 quam
676 2033 771 2097 dedit;
794 2032 957 2105 etinsuper
972 2034 1019 2090 ille
1038 2035 1088 2108 qni
1106 2035 1194 2104 dedit,
1217 2042 1246 2094 et
1264 2053 1323 2094 me·

260 2133 337 2190 nime
358 2135 431 2206 potit
452 2131 614 2198 defendere,
640 2131 731 2202 ipsum
754 2130 888 2187 damnum
910 2131 936 2186 ei
957 2131 1092 2202 restituat,
1116 2141 1252 2206 qnantum
1275 2135 1324 2191 ad-

259 2232 393 2306 pretiatus
414 2231 499 2287 inerit
520 2231 597 2304 quod
618 2230 723 2286 ibidem
745 2236 840 2302 postea
861 2231 997 2287 laboravit
1017 2233 1060 2286 vel
1081 2231 1229 2288 edificavit.
1266 2231 1322 2287 Sed

260 2337 288 2386 et
308 2331 343 2385 de
357 2329 585 2402 conparationem
598 2328 744 2385 statuimus
765 2328 838 2386 sicut
858 2329 894 2385 dc
911 2331 1169 2388 cummutationem.
1191 2331 1254 2386 Hoc
1274 2345 1325 2386 an-

260 2433 316 2483 tem
337 2427 372 2483 de
393 2427 436 2483 his
463 2427 555 2484 causis
583 2426 722 2492 dicimus,
754 2427 831 2484 unde
859 2429 991 2484 cartolam
1021 2428 1247 2484 commutationis
1275 2433 1324 2484 ant

260 2524 423 2582 vinditionis
453 2525 581 2583 homenis
611 2525 684 2583 inter
714 2541 743 2581 se
765 2541 822 2582 non
844 2525 968 2590 lsciunt;
1000 2542 1064 2581 nam
1093 2526 1168 2581 nnde
1190 2526 1322 2582 cartolam

261 2622 367 2679 iaciunt
396 2629 423 2679 et
451 2626 659 2694 ostenduntur,
700 2623 741 2680 sic
770 2624 867 2681 deveat
896 2639 956 2679 esse
986 2623 1058 2680 sicut
1086 2622 1116 2678 in
1145 2623 1205 2695 ipsa
1232 2630 1323 2680 carto-

260 2722 317 2777 lam
337 2720 448 2792 legitur.

604 2851 733 2893 texentum·
755 2853 791 2893 nu
813 2852 887 2893 ΔΝΝΟ
909 2853 978 2893 xvir.

496 3135 626 3188 lNClPlT
654 3137 697 3187 llll
728 3135 823 3188 Auno
847 3135 1085 3190 Nouooucnuo

519 3279 652 3346 (Kalendis
672 3283 779 3340 martiis,
800 3293 868 3332 anno
887 3281 1062 3348 occxxxl).

548 3419 741 3483 VOLUMEN
764 3420 1037 3487 DUODECIMUM.

341 3581 548 3654 superstitiosae
571 3592 595 3639 et
615 3599 703 3640 conae
720 3586 900 3640 contentiones
919 3589 1027 3642 assidue
1045 3595 1166 3645 nostram
1182 3589 1321 3660 inpetrare

262 3683 428 3748 elementiam
447 3697 503 3736 non
524 3688 635 3736 cessant.
665 3681 702 3737 Et
724 3684 788 3738 dnrn
809 3685 846 3737 ad
866 3688 1025 3744 resecandos
1045 3689 1206 3743 intentiones
1226 3689 1320 3757 inpro-

262 3781 356 3840 borum
375 3785 465 3835 noster
485 3779 630 3834 intenderit
650 3781 768 3846 enimin,
793 3782 922 3852 quiequid
942 3783 1019 3838 nodis
1039 3800 1098 3839 eum
1118 3786 1219 3839 nostris
1240 3784 1321 3855 jndi-

261 3881 335 3940 ee'lius
363 3879 405 3934 cel
428 3877 539 3947 reliquis
560 3874 750 3948 Lanqotarcts
779 3885 853 3934 recto
874 3888 1089 3950 cooperuerunt,
1122 3883 1190 3938 aient
1210 3898 1239 3936 xv
1260 3883 1321 3953 jam

261 3977 364 4032 eieidrss
384 3993 404 4030 a
423 3976 500 4030 nodis
520 3975 577 4028 alio
597 3981 698 4030 statuto
719 3983 803 4043 sunt,
834 3978 874 4031 ite
902 3984 926 4031 et
946 3995 1017 4034 nune
1045 3979 1075 4032 in
1094 3987 1213 4048 presente
1233 3996 1319 4034 nono-

263 4077 364 4130 decimo
386 4089 459 4128 enno
480 4073 563 4143 repni
578 4074 684 4140 nostri,
708 4074 752 4128 die
773 4074 950 4130 kalendarum
970 4077 1149 4143 martiorum,
1172 4080 1321 4134 indictione

261 4173 475 4244 quartodecimo,
499 4172 621 4226 decidere
641 4178 665 4226 et
686 4173 844 4240 confinnere
871 4175 902 4226 in
922 4174 1001 4244 liujus
1020 4173 1114 4229 Edisti
1131 4178 1237 4247 popina
1256 4192 1319 4246 pre-

261 4272 398 4332 vidimuss
429 4275 459 4326 ut
483 4270 507 4323 si
534 4269 631 4324 amodo
659 4270 692 4323 de
719 4270 761 4324 ln's
782 4271 904 4340 capitalis
923 4287 992 4340 qnae
1012 4271 1102 4326 subter
1129 4275 1238 4330 edneea
1258 4279 1320 4329 sunt

262 4367 356 4436 dique
376 4367 490 4422 intercus
512 4367 673 4434 nocuerit,
703 4369 772 4424 sinet
791 4370 933 4425 statuimus
959 4371 1001 4424 ite
1019 4370 1153 4439 finiantur
1172 4378 1252 4442 etque
1272 4373 1319 4428 de·

263 4465 448 4521 terminentur.
1036 4473 1037 4478 ’
