3022 5144
515 533 652 578 nnroruu
676 533 741 580 oar.
759 528 799 574 us
811 547 837 558 „.
851 529 899 572 aro.
1199 516 1241 578 97

263 683 320 760 (Ι.)
342 685 418 744 na.
450 682 478 740 Si
500 683 593 740 iulans
614 690 679 740 ante
700 683 797 740 decem
818 689 846 740 et
867 690 930 740 octo
951 700 1056 755 annos,
1090 687 1167 759 quod
1189 699 1260 744 nos·

172 785 355 841 instituimus
376 791 407 838 nt
427 783 463 838 sit
482 781 612 854 legetima
634 788 707 852 etas,
742 781 884 855 spunsalia
908 782 999 839 lacere
1021 785 1161 854 voluerit,
1194 792 1242 843 aut

172 883 230 940 sibi
254 883 374 940 muliere
396 881 582 954 copolaverit,
612 881 714 938 babeat
733 859 897 954 potestatem
919 887 947 937 et
966 887 1068 939 metam
1090 883 1190 954 lacere,
1214 891 1241 940 et

174 982 346 1054 urorgincap
368 982 448 1050 dare,
468 981 548 1053 juxta
568 981 660 1037 Edicti
682 981 790 1045 tinore,
815 987 842 1036 et
863 979 1061 1038 oblicationem
1082 983 1190 1050 lacere,
1213 989 1242 1039 et

174 1081 347 1154 fidejussore
369 1097 484 1152 ponere,
508 1085 536 1135 et
556 1085 641 1144 carta,
665 1079 687 1135 si
709 1079 839 1143 voluerit,
863 1096 914 1152 pro
935 1096 1018 1138 causa
1040 1081 1092 1138 ista
1105 1081 1239 1147 scrivere;

174 1187 203 1234 et
227 1178 282 1251 qni
299 1178 453 1250 ddjussoris
478 1178 630 1245 stederent,
653 1183 701 1232 aut
721 1177 809 1233 scriva
830 1177 878 1250 qui
900 1195 952 1251 pro
971 1195 1055 1236 causa
1071 1179 1122 1236 ista
1138 1187 1241 1237 cartam
1273 1195 1280 1212 ·

173 1275 333 1347 scripserit,
357 1277 434 1331 nulla
455 1275 556 1331 exinde
577 1275 680 1331 babeat
697 1272 926 1333 damnationem:
950 1277 1016 1349 quia
1038 1295 1089 1335 nos
1110 1279 1175 1334 ideo
1196 1294 1242 1334 us·

175 1389 234 1446 que
258 1374 295 1430 ad
316 1373 391 1429 illam
413 1379 514 1429 etatem
535 1373 718 1446 perduximus
738 1391 850 1430 oausam
871 1375 906 1431 de
931 1375 1104 1447 infantibus,
1132 1384 1162 1432 nt
1187 1377 1240 1450 ipsi

174 1488 222 1526 res
246 1487 312 1526 suas
334 1488 391 1526 non
413 1471 531 1526 deveant
559 1470 723 1542 naufragare
745 1477 793 1527 ant
813 1472 994 1545 disperdere3
1026 1493 1090 1532 narn
1117 1492 1169 1549 pro
1190 1476 1241 1532 ista

175 1568 345 1644 conjunctio
367 1584 452 1641 quam
473 1570 548 1624 bens
569 1568 706 1641 precepit,
730 1568 900 1626 absolvimus
922 1577 952 1626 ut
972 1573 1028 1630 fiat.

262 1665 326 1742 (ll.)
348 1669 429 1726 118.
453 1666 613 1724 Recolimns
635 1666 711 1724 enim
732 1667 808 1738 quod
826 1667 974 1724 statuimus
995 1685 1059 1726 cum
1077 1671 1178 1728 nostris
1195 1672 1242 1744 ju-

175 1766 308 1835 dicibus,
341 1772 372 1821 nt
396 1765 444 1838 qui
468 1763 611 1820 bominem
632 1765 753 1820 liberum
774 1764 902 1822 occiserit
923 1783 1035 1823 omnem
1058 1770 1240 1827 substantiam

175 1881 261 1921 suam
283 1863 397 1922 amittat.
419 1863 505 1921 Modo
526 1879 610 1932 vero,
634 1863 702 1919 dum
723 1863 875 1936 repetireut
895 1864 1011 1937 singolis
1032 1866 1171 1933 homenis,
1195 1867 1241 1925 cui

176 1963 251 2018 torte
274 1961 397 2034 aliquam
419 1961 550 2018 duritiam
571 1961 761 2027 detenebant‚
795 1963 872 2035 quod
893 1939 1016 2036 parentis
1046 1965 1106 2038 ejus
1133 1965 1182 2039 qni
1211 1965 1239 2022 in
1272 1991 1274 1998 v

174 2062 315 2117 lectulum
337 2075 419 2115 suum
441 2066 566 2115 mortuos
588 2059 678 2115 suerat
698 2076 748 2133 per
768 2060 902 2116 verrinum
931 2062 1084 2134 occisissit‚
1116 2069 1144 2120 el
1173 2065 1241 2121 dum

177 2175 229 2230 per
251 2174 377 2230 pugnam
408 2157 495 2230 ipsam
527 2173 659 2222 causam,
693 2158 765 2214 sicut
792 2159 907 2232 antiqua
937 2160 1029 2218 luerat
1058 2164 1239 2237 consuitudo,

177 2273 301 2330 querere
323 2256 507 2328 disponebat:
540 2256 629 2326 gravis
651 2272 732 2312 causa
754 2257 837 2312 nobis
858 2274 917 2314 esse
940 2261 1102 2332 conparuit,
1138 2270 1168 2319 ut
1188 2266 1241 2322 sub

178 2371 239 2410 nno
261 2359 340 2410 scuto
361 2369 411 2425 per
431 2369 554 2427 pugnam
575 2370 687 2411 omnem
706 2355 888 2411 substantiam
906 2372 984 2414 suam
998 2358 1082 2415 bomo
1100 2361 1239 2422 amitterit.

176 2453 307 2525 {deoque
329 2458 450 2508 statuere
464 2451 652 2524 providemus,
677 2459 706 2507 ut
722 2452 744 2508 si
762 2453 864 2509 amodo
883 2453 945 2510 talis
957 2471 1040 2513 causa
1057 2469 1238 2527 emerserant,

178 2551 245 2623 quis
268 2550 316 2606 ille
338 2556 457 2605 mortem
476 2550 599 2622 parentis
614 2549 656 2604 sui
672 2564 790 2622 querere
807 2567 857 2623 per
871 2567 994 2624 pugnam
1009 2555 1140 2628 voluerit,
1162 2561 1241 2633 quod

179 2665 246 2704 eum
269 2665 319 2720 per
344 2648 479 2703 verrinum
507 2647 658 2713 occisissit‚
691 2647 834 2704 observata
865 2666 897 2706 ea
927 2668 982 2723 que
1011 2653 1039 2708 in
1071 2657 1240 2715 anteriorem

178 2747 281 2803 Edicto
304 2745 483 2816 scripsemus,
507 2751 537 2800 ut
555 2760 607 2819 per
627 2745 769 2816 evangelia
786 2747 888 2802 adrmit
908 2750 985 2820 qnod
1001 2767 1057 2807 non
1073 2760 1132 2810 asto
1146 2756 1240 2814 animo

178 2860 294 2900 oausam
314 2844 403 2917 ipsam
423 2849 538 2915 querat,
572 2842 624 2898 nisi
651 2843 728 2916 quod
762 2850 836 2901 certa
857 2844 882 2900 ei
910 2845 946 2901 sit
966 2851 1126 2921 suspectio,
1162 2861 1241 2926 pote·

179 2949 279 2998 statem
296 2942 397 2998 babeat
409 2957 527 3014 querere
548 2957 599 3013 per
613 2957 748 3015 pugnam,
772 2943 843 2998 sicut
860 2943 976 3016 antiqua
991 2946 1044 3003 suit
1059 2951 1238 3008 consuitudo.

180 3040 217 3096 Et
238 3042 260 3096 si
285 3039 309 3096 ei
331 3039 410 3096 sorita
432 3039 540 3095 venerit
561 3039 605 3096 cui
621 3041 727 3097 crimen
749 3041 841 3113 ipsum
857 3041 1024 3114 inmettitur‚
1048 3053 1096 3102 aut
1116 3049 1152 3104 ad
1167 3065 1241 3106 cam·

180 3138 317 3210 phionem
338 3138 425 3211 ipsius
447 3145 533 3210 quem
563 3139 735 3196 conductum
762 3140 877 3209 babuit,
906 3158 964 3198 non
995 3143 1102 3200 amittat
1128 3163 1240 3203 omnem

179 3236 366 3293 substantiam
386 3252 476 3304 suam,
500 3235 548 3292 sed
570 3244 712 3307 conponat
732 3253 798 3293 eum
819 3239 973 3294 secundum
995 3241 1156 3313 qualitatem
1178 3261 1242 3316 per·

180 3351 285 3404 sonae,
317 3335 390 3391 sicut
409 3341 490 3390 antea
511 3332 564 3388 suit
584 3334 628 3389 lex
650 3337 881 3408 conponendum.
925 3337 997 3406 Quia
1024 3339 1122 3397 incerti
1144 3357 1241 3399 sumus

181 3433 216 3489 de
235 3433 343 3506 judicio
365 3434 435 3502 Dei,
466 3440 494 3488 et
521 3433 624 3488 multos
649 3434 807 3491 audivimus
827 3452 877 3508 per
902 3451 1026 3508 pugnarn
1055 3439 1116 3496 sine
1133 3441 1240 3514 justitia

181 3547 294 3587 causam
314 3547 392 3588 snam
414 3531 549 3603 perdere3
579 3531 629 3586 sed
650 3539 765 3604 propter
785 3533 1005 3592 consuitutinem
1026 3538 1117 3608 gentis
1147 3546 1241 3595 nostre

180 3629 432 3700 Langobardorum
454 3630 544 3700 legem
566 3630 656 3702 ipsam
676 3636 768 3686 vetare
790 3647 846 3687 non
869 3648 1027 3704 possumus.

263 3725 343 3802 (tlt.)
372 3729 454 3784 119.
481 3727 512 3783 Si
533 3726 597 3800 quis
617 3727 703 3784 filiam
725 3744 804 3785 suam
825 3737 874 3786 aut
893 3747 1019 3789 sororem
1040 3749 1174 3805 sponsare
1194 3749 1242 3790 vo·

182 3824 283 3896 luerit,
314 3827 413 3883 babeat
434 3808 600 3898 potestatem
621 3825 666 3881 oui
687 3825 823 3892 voluerit,
858 3828 948 3886 libero
969 3837 1062 3888 tamen
1083 3830 1238 3897 bominem,

182 3922 254 3980 sicut
274 3925 398 3981 anterior
419 3923 544 3980 contenit
566 3923 700 3990 Edictus3
734 3943 797 3982 nam
826 3934 939 3998 posteus
968 3945 1029 3985 eam
1056 3929 1239 4002 sponsaverit,

183 4038 240 4078 non
271 4022 372 4078 babeat
398 4029 562 4095 potestatem
590 4022 669 4079 alteri
695 4024 808 4080 homeni
841 4042 901 4082 eam
932 4025 966 4083 ad
998 4026 1127 4083 maritum
1155 4027 1240 4085 dandi

183 4128 246 4177 ante
268 4122 363 4179 bienni
386 4128 513 4194 tompus:
541 4129 568 4178 ct
594 4121 616 4178 si
637 4119 704 4179 dare
724 4123 838 4180 cuilevit
858 4123 1077 4197 presumpserit,
1106 4133 1155 4184 ant
1180 4127 1240 4200 ipsa

184 4222 324 4292 sponsalia
344 4222 506 4295 inrumpere
527 4221 656 4292 voluerit,
679 4229 824 4296 conponat
844 4240 947 4297 sponso
969 4222 1056 4296 ipsius
1077 4223 1149 4282 sieut
1169 4224 1243 4282 inter

184 4333 213 4374 se
233 4335 324 4392 poena
344 4327 513 4392 posuerunt,
540 4319 666 4393 ¹qualiter
692 4321 722 4376 in
744 4321 911 4378 anteriorem
933 4321 1034 4377 Edicto
1062 4323 1167 4394 legitur
1193 4340 1242 4397 pa·

185 4415 265 4486 ginar
288 4418 404 4490 insuper
424 4418 453 4475 in
467 4419 601 4492 palatium
622 4419 696 4491 regis
713 4428 855 4492 conponat
871 4419 1010 4491 widrigild
1027 4436 1121 4492 snum,
1145 4427 1173 4478 et
1193 4421 1241 4477 ille

185 4514 233 4585 qui
254 4532 315 4574 eam
336 4515 428 4574 tolleri
449 4517 649 4591 presumpserit
667 4523 809 4592 conponat
830 4517 958 4577 similiter
978 4517 1008 4575 iu
1025 4519 1128 4592 palatio
1148 4517 1243 4576 widri-
