3022 5144
232 469 277 534 td
612 489 798 536 nmmum
820 489 913 536 nera

231 647 399 714 mewa
421 643 500 712 repat
517 643 607 698 mun
625 643 842 712 gemm,
871 645 1022 699 tndieticu
1042 645 1167 710 m,
1193 643 1292 697 umam

230 755 282 810 rw
301 739 459 809 murm
475 755 626 810 mm
639 748 671 794 a
688 742 809 795 m
832 739 1076 812 mmm
1094 741 1214 810 Motu
1240 757 1291 794 w

235 845 355 893 rtrum
383 838 609 906 anawanum
626 840 815 908 prospecturus
833 841 864 894 in
883 839 977 894 Edicta·
994 840 1172 910 respueritis
1191 839 1292 908 adjun-

231 935 856 1007 pere‚rmdeaateaeretineertcdtfictrta‚
884 937 1293 1008 quaninnnliircledcntpev

231 1033 775 1103 m‚eliipererbitriaenjvdieare.
798 1032 1291 1090 Sedmeliarravnceatruitlcin-

231 1137 352 1202 mater
372 1131 503 1185 tantm
520 1132 596 1186 mue
614 1133 702 1185 mart
720 1131 831 1202 mtjeen
849 1149 906 1186 m
929 1132 1094 1202 setam,
1127 1139 1152 1187 er
1176 1131 1293 1201 qurum

232 1227 909 1298 mmmcmlvitenanudiaerenecnaemr,
931 1229 1292 1297 dumnissum

234 1329 329 1382 deveat
346 1339 512 1396 merere.

311 1423 435 1478 Primum
454 1424 575 1478 omnimn
587 1431 705 1479 statuere
712 1425 883 1494 presidemus
900 1441 952 1494 pre
972 1425 1137 1479 mium
1156 1431 1182 1478 et
1201 1424 1292 1478 erate

233 1523 302 1577 lim
321 1521 386 1592 lepis
406 1521 569 1589 delmona,
592 1523 722 1591 parmen
741 1523 831 1577 nudus
851 1537 870 1576 u
888 1523 941 1591 fide
962 1521 1061 1578 Christi
1085 1523 1213 1577 oberrare
1229 1537 1292 1591 prc-

233 1625 332 1688 ratmat,
353 1620 401 1674 aed
419 1619 533 1688 {tristiter
552 1620 585 1673 in
605 1635 639 1673 eu
655 1621 839 1689 moneare
858 1617 947 1674 Deum
963 1636 1098 1690 perarmare
1126 1619 1223 1674 ludere
1248 1619 1293 1672 de·

233 1717 365 1785 [moran
384 1723 466 1786 utque
483 1717 640 1786 propitium.

315 1811 362 1886 (1.)
403 1813 465 1870 84.
507 1811 538 1867 Si
559 1812 622 1884 quis
643 1811 750 1868 timoris
770 1810 823 1866 Dei
843 1811 991 1867 immemor
1011 1813 1046 1867 ad
1066 1813 1169 1868 ariolos
1189 1817 1238 1866 aut
1257 1810 1294 1867 ad

233 1909 335 1968 ariolae
360 1923 412 1982 pro
443 1909 579 1980 aruspicis
600 1915 648 1965 aut
668 1907 921 1981 qualibuscumque
942 1910 1084 1982 responsis
1105 1910 1140 1966 ab
1162 1909 1229 1980 ipsis
1248 1925 1294 1964 ac-

234 2007 374 2081 cipiendis
386 2006 577 2071 ambulaverit,
602 2011 744 2078 conponat
759 2005 788 2060 in
810 2022 891 2077 sagro
906 2008 1009 2078 palatiu
1023 2008 1201 2064 medietatem
1210 2005 1293 2079 pretii

233 2106 278 2164 sui
298 2104 370 2162 sicut
390 2104 560 2177 adpretiatus
582 2103 665 2160 luerit
685 2109 827 2175 tamquam
848 2103 871 2158 si
892 2119 957 2159 eum
978 2105 1080 2177 aliquia
1100 2105 1244 2172 occisissit,
1266 2111 1295 2158 et

233 2203 353 2275 iusuper
370 2207 433 2273 agat
455 2201 637 2273 penitentiam
648 2203 805 2257 secundum
814 2201 930 2257 canonis
941 2201 1077 2259 instituta.
1100 2202 1191 2258 Simili
1209 2203 1293 2258 modo

235 2308 263 2358 et
283 2300 332 2373 qui
352 2299 388 2356 ad
408 2299 508 2355 arbore
529 2315 614 2372 quam
633 2298 730 2355 rustici
750 2299 903 2356 sanctirum
926 2307 1027 2356 vocant
1046 2307 1129 2373 atque
1150 2299 1186 2357 ad
1205 2301 1295 2355 lonn-

236 2414 286 2455 nas
305 2396 472 2465 adoraverit;
496 2403 545 2452 aut
564 2395 745 2467 sagrilcgium
765 2399 808 2454 vel
825 2397 1021 2454 incantationis
1039 2397 1145 2462 iecerit,
1168 2397 1296 2452 similiter

234 2493 429 2552 mediaetatem
450 2494 533 2567 pretii
553 2495 598 2550 sui
619 2503 762 2567 conponat
781 2495 810 2551 in
832 2511 913 2565 sagro
933 2497 1044 2568 palatiu.
1068 2495 1143 2550 Etsi
1165 2494 1294 2567 quicum-

236 2609 292 2666 que
312 2591 404 2648 sciens
426 2588 546 2648 ariolum
574 2599 623 2647 ant
649 2593 784 2660 ariolum,
814 2609 871 2648 nun
898 2609 945 2649 ecs
975 2593 1215 2660 manetestaverit‚
1246 2597 1296 2648 aut

234 2690 298 2747 illua
319 2690 449 2746 celaverit
469 2689 519 2762 qui
540 2690 576 2746 ad
596 2689 673 2762 ipsus
693 2690 799 2746 vadent
814 2695 841 2745 et
863 2706 920 2746 non
941 2690 1174 2754 manelestaverit,
1198 2705 1294 2762 supra-

236 2785 355 2859 scriptae
375 2802 467 2859 poene
488 2785 639 2858 subjaccat.
670 2784 727 2854 Qui
748 2792 842 2842 autem
863 2803 972 2843 serrum
993 2804 1076 2843 suum
1097 2795 1146 2844 aut
1165 2787 1294 2843 ancillam

235 2885 271 2944 ad
292 2883 368 2956 ipsos
389 2883 494 2941 anolus
523 2890 571 2940 aut
599 2878 699 2940 ariolus
721 2883 905 2940 transmiserit
930 2886 964 2941 ad
990 2885 1083 2957 aliqua
1104 2900 1239 2957 responsa
1258 2885 1294 2940 ab

237 2982 277 3040 eir
289 2979 463 3054 recipienda,
486 2987 515 3037 et
532 2988 677 3054 provatum
694 2980 788 3050 luerit,
811 2981 996 3054 suprascripta
1008 2998 1128 3054 poenam
1142 2987 1294 3054 conponat.

239 3080 269 3138 Si
290 3094 358 3136 vero
379 3093 474 3135 servus
495 3085 543 3135 aut
563 3077 663 3135 ancilla
684 3078 744 3134 sine
760 3079 900 3135 volontate
918 3079 1097 3136 dominorum
1118 3095 1244 3147 suorum,
1267 3085 1295 3134 et

237 3185 347 3238 tuntum
367 3195 402 3235 ex
422 3194 472 3235 sua
493 3177 702 3246 auctoritatem,
734 3179 770 3233 ad
796 3179 916 3234 ariolum
946 3185 994 3234 ant
1024 3178 1140 3234 ariciam
1172 3177 1294 3232 ambola-

238 3276 308 3334 verit
329 3276 455 3333 similiter
476 3277 512 3332 ad
528 3276 620 3348 aliqua
638 3291 771 3347 responsa
780 3275 952 3348 accipienda,
976 3277 1294 3332 tuncdominnseorum

237 3375 400 3432 venundare
422 3389 470 3429 eos
492 3373 609 3429 deveant
629 3371 697 3428 loris
717 3373 877 3445 provincia;
900 3380 928 3428 et
948 3373 970 3428 si
990 3373 1146 3443 neglexerit
1164 3372 1294 3428 deminus

229 3486 338 3533 ¹eorum
358 3471 412 3526 hoc
433 3470 534 3540 lacere,
557 3470 759 3542 suprascriptae
780 3485 871 3544 poene
893 3470 1041 3542 subjaceat

319 3565 381 3642 (ll.)
416 3567 478 3625 Sd.
510 3567 541 3623 Si
569 3567 633 3640 quis
649 3567 738 3639 judex
763 3575 812 3624 aut
832 3568 972 3625 sculdahis
997 3574 1082 3642 atque
1102 3566 1230 3624 saltarius
1252 3567 1293 3622 vel

239 3668 364 3740 daganus
390 3664 425 3742 de
456 3666 520 3721 loco
542 3666 591 3721 ubi
612 3665 692 3722 arioli
714 3672 762 3722 aut
791 3665 892 3722 ariolae
914 3666 998 3722 luerit
1018 3665 1172 3738 neglexerit
1191 3665 1293 3721 amodo

239 3755 271 3824 in
292 3772 347 3823 tres
367 3762 471 3822 mensis
492 3779 540 3819 eos
561 3762 708 3836 exquirere
730 3771 758 3820 et
777 3764 921 3835 invenire,
946 3771 978 3821 *et
1004 3781 1055 3837 per
1075 3763 1144 3820 alios
1165 3762 1293 3819 homines

240 3863 345 3921 inventi
365 3862 484 3930 luerent,
508 3866 576 3915 tunc
597 3866 739 3933 conponat
755 3861 892 3934 unusquis
914 3863 949 3918 de
970 3863 1156 3918 locumsuum
1173 3860 1294 3918 mediae-

240 3968 325 4019 tatem
345 3959 443 4033 praetii
464 3956 518 4027 sui,
542 3956 614 4013 sicut
634 3972 716 4031 supra
737 3958 851 4028 legitur.
880 3945 960 4016 Etsi
979 3960 1191 4017 manetestatum
1211 3957 1295 4014 luerit

241 4057 319 4132 quod
339 4057 407 4114 sciat
423 4057 510 4130 judex
532 4061 580 4112 aut
593 4055 734 4112 sculdahis
754 4057 798 4112 vel
819 4057 946 4114 saltarius
966 4064 1014 4115 aut
1031 4059 1154 4127 deganus
1172 4056 1220 4112 ubi
1240 4055 1293 4129 ipsi

242 4155 321 4213 arioli
342 4160 391 4212 aut
410 4155 511 4214 ariolae
532 4160 606 4223 sunt,
630 4159 658 4210 et
678 4170 727 4210 eoa
748 4171 806 4210 non
827 4155 1064 4222 condemnaverit,
1088 4161 1136 4212 aut
1156 4155 1293 4230 premium

243 4253 345 4324 tulerit,
369 4252 517 4327 autquasi
538 4268 621 4310 causa
642 4251 770 4325 piaetatis
790 4254 833 4309 vel
854 4268 904 4327 pro
920 4253 1119 4327 qualicumque
1140 4252 1224 4324 genie
1245 4267 1294 4308 eos

243 4351 402 4422 emoluerit,
432 4357 499 4408 tunc
520 4351 629 4426 integro
651 4350 771 4426 wirigild
792 4367 845 4408 suo
865 4351 894 4407 in
916 4368 997 4424 sagro
1019 4351 1120 4423 palatio
1142 4354 1292 4421 conponat.

149 4462 153 4474 ·
243 4449 313 4508 Nam
332 4449 355 4508 si
376 4465 426 4524 per
442 4449 560 4524 judicim
580 4448 707 4525 inquisiti
727 4455 775 4506 aut
795 4449 900 4506 inventi
921 4449 1033 4506 luerent
1052 4448 1112 4506 sine
1133 4445 1238 4504 noditia
1258 4447 1293 4504 de
